@article{whit2012,
   author = {Whitfield-Gabrieli, S. and Ford, J. M.},
   title = {Default mode network activity and connectivity in psychopathology},
   journal = {Annu Rev Clin Psychol},
   volume = {8},
   pages = {49-76},
   year = {2012},
   type = {Journal Article}
}

@inproceedings{harchaoui2012large,
  title={Large-scale image classification with trace-norm regularization},
  author={Harchaoui, Z. and Douze, M. and Paulin, M. and Dudik, M. and Malick, J.},
  booktitle={Computer Vision and Pattern Recognition (CVPR), 2012 IEEE Conference on},
  pages={3386--3393},
  year={2012},
  organization={IEEE}
}

@article{witten2010framework,
  title={A framework for feature selection in clustering},
  author={Witten, D. M. and Tibshirani, R.},
  journal={Journal of the American Statistical Association},
  volume={105},
  number={490},
  year={2010}
}

@article{gramfort2011tracking,
  title={Tracking cortical activity from M/EEG using graph cuts with spatiotemporal constraints},
  author={Gramfort, A. and Papadopoulo, T. and Baillet, S. and Clerc, M.},
  journal={NeuroImage},
  volume={54},
  number={3},
  pages={1930--1941},
  year={2011},
  publisher={Elsevier}
}

@article{vinci2014estimating,
  title={Estimating the distribution of galaxy morphologies on a continuous space},
  author={Vinci, G. and Freeman, P. and Newman, J. and Wasserman, L. and Genovese, C.},
  journal={arXiv preprint arXiv:1406.7536},
  year={2014}
}

@inproceedings{daudet2004sparse,
  title={Sparse and structured decompositions of audio signals in overcomplete spaces},
  author={Daudet, L.},
  booktitle={In International Conference on Digital Audio E􏱍ects},
  year={2004}
}

@article{kang2015structured,
  title={Structured sparse representation of residue in screen content video coding},
  author={Kang, J. W.},
  journal={Electronics Letters},
  volume={51},
  number={23},
  pages={1871--1873},
  year={2015},
  publisher={IET}
}

@inproceedings{kim2010sparse,
  title={Sparse coding for learning interpretable spatio-temporal primitives},
  author={Kim, Taehwan and Shakhnarovich, Gregory and Urtasun, Raquel},
  booktitle={Advances in neural information processing systems},
  pages={1117--1125},
  year={2010}
}

@article{jenatton2009structured,
  title={Structured sparse principal component analysis},
  author={Jenatton, R. and Obozinski, G. and Bach, F.},
  journal={arXiv preprint arXiv:0909.1440},
  year={2009}
}

@article{gabrieli2015prediction,
  title={Prediction as a humanitarian and pragmatic contribution from human cognitive neuroscience},
  author={Gabrieli, John DE and Ghosh, Satrajit S and Whitfield-Gabrieli, Susan},
  journal={Neuron},
  volume={85},
  number={1},
  pages={11--26},
  year={2015},
  publisher={Elsevier}
}

@article{sporns14nn,
   author = {Sporns, O.},
   title = {Contributions and challenges for network models in cognitive neuroscience},
   journal = {Nat Neurosci},
   volume = {17},
   number = {5},
   pages = {652-60},
   year = {2014},
   type = {Journal Article}
}


@book{buhlmann2011statistics,
  title={Statistics for high-dimensional data: methods, theory and applications},
  author={B{\"u}hlmann, Peter and Van De Geer, Sara},
  year={2011},
  publisher={Springer Science \& Business Media}
}

@article{haufe2014interpretation,
  title={On the interpretation of weight vectors of linear models in multivariate neuroimaging},
  author={Haufe, S. and Meinecke, F. and G{\"o}rgen, K. and D{\"a}hne, S. and Haynes, J. and Blankertz, B. and Bie{\ss}mann, F.},
  journal={Neuroimage},
  volume={87},
  pages={96--110},
  year={2014},
  publisher={Elsevier}
}

@article{yuste2015,
   author = {Yuste, R.},
   title = {From the neuron doctrine to neural networks},
   journal = {Nat Rev Neurosci},
   volume = {16},
   number = {8},
   pages = {487-497},
   year = {2015},
   type = {Journal Article}
}

@book{giraud2014introduction,
  title={Introduction to High-Dimensional Statistics},
  author={Giraud, C.},
  year={2014},
  publisher={CRC Press}
}

@article{sallet2011social,
  title={Social network size affects neural circuits in macaques},
  author={Sallet, J. and Mars, R. B. and Noonan, M. P. and Andersson, J. L. and O’reilly, J. X. and Jbabdi, S. and Croxson, P. L. and Jenkinson, M. and Miller, K. L. and Rushworth, M. F. S.},
  journal={Science},
  volume={334},
  number={6056},
  pages={697--700},
  year={2011},
  publisher={American Association for the Advancement of Science}
}

@article{phelps2005contributions,
  title={Contributions of the amygdala to emotion processing: from animal models to human behavior},
  author={Phelps, E. A. and LeDoux, J. E.},
  journal={Neuron},
  volume={48},
  number={2},
  pages={175--187},
  year={2005},
  publisher={Elsevier}
}

@article{bickart2011amygdala,
  title={Amygdala volume and social network size in humans},
  author={Bickart, K. C. and Wright, C. I. and Dautoff, R. J. and Dickerson, B. C. and Feldman-Barrett, L.},
  journal={Nat Neurosci},
  volume={14},
  number={2},
  pages={163--164},
  year={2011},
  publisher={Nature Publishing Group}
}

@article{seeley2007dissociable,
  author={Seeley, W. W. and Menon, V. and Schatzberg, A. F. and Keller, J. and Glover, G. H. and Kenna, H. and Reiss, A. L. and Greicius, M. D.},
  title={Dissociable intrinsic connectivity networks for salience processing and executive control},
  journal={J Neurosci},
  volume={27},
  number={9},
  pages={2349-2356},
  year={2007},
  publisher={Soc Neuroscience}
}

@article{whit2009pnas,
   author = {Whitfield-Gabrieli, S. and Thermenos, H. W. and Milanovic, S. and Tsuang, M. T. and Faraone, S. V. and McCarley, R. W. and Shenton, M. E. and Green, A. I. and Nieto-Castanon, A. and LaViolette, P. and Wojcik, J. and Gabrieli, J. D. and Seidman, L. J.},
   title = {Hyperactivity and hyperconnectivity of the default network in schizophrenia and in first-degree relatives of persons with schizophrenia},
   journal = {Proc Natl Acad Sci U S A},
   volume = {106},
   number = {4},
   pages = {1279-84},
   year = {2009},
   type = {Journal Article}
}

@article{weiss2006,
   author = {Weissman, D. H. and Roberts, K. C. and Visscher, K. M. and Woldorff, M. G.},
   title = {The neural bases of momentary lapses in attention},
   journal = {Nat Neurosci},
   volume = {9},
   number = {7},
   pages = {971-978},
   year = {2006},
   type = {Journal Article}
}

@article{varoqu2011,
   author = {Varoquaux, G. and Gramfort, A. and Pedregosa, F. and Michel, V. and Thirion, B.},
   title = {Multi-subject dictionary learning to segment an atlas of brain spontaneous activity},
   journal = {Information Processing in Medical Imaging},
   pages = {562-573},
   year = {2011},
   type = {Journal Article}
}

@article{varoqu2013,
   author = {Varoquaux, G. and Craddock, R. C.},
   title = {Learning and comparing functional connectomes across subjects},
   journal = {Neuroimage},
   volume = {80},
   pages = {405-15},
   year = {2013},
   type = {Journal Article}
}

@book{vapnik96,
   author = {Vapnik, V. N.},
   title = {The Nature of Statistical Learning Theory.},
   publisher = {Springer},
   address = {New York},
   year = {1996},
   type = {Book}
}

@article{sridh2008,
   author = {Sridharan, D. and Levitin, D. J. and Menon, V.},
   title = {A critical role for the right fronto-insular cortex in switching between central-executive and default-mode networks},
   journal = {Proc Natl Acad Sci U S A},
   volume = {105},
   number = {34},
   pages = {12569-74},
   year = {2008},
   type = {Journal Article}
}

@article{smith2009,
   author = {Smith, S. M. and Fox, P. T. and Miller, K. L. and Glahn, D. C. and Fox, P. M. and Mackay, C. E. and Filippini, N. and Watkins, K. E. and Toro, R. and Laird, A. R. and Beckmann, C. F.},
   title = {Correspondence of the brain's functional architecture during activation and rest},
   journal = {Proc Natl Acad Sci U S A},
   volume = {106},
   number = {31},
   pages = {13040-5},
   year = {2009},
   type = {Journal Article}
}

@article{shul1997,
   author = {Shulman, G. L. and Fiez, J. A. and Corbetta, M. and Buckner, R. L. and Miezin, F. M. and Raichle, M. E. and Petersen, S. E.},
   title = {Common blood flow changes across visual tasks .2. Decreases in cerebral cortex},
   journal = {J Cognitive Neurosci},
   volume = {9},
   number = {5},
   pages = {648-663},
   year = {1997},
   type = {Journal Article}
}

@article{shlens2014,
   author = {Shlens, J.},
   title = {A tutorial on principal component analysis},
   journal = {arXiv preprint arXiv:1404.1100},
   year={2014}
}

@article{shlens2014ica,
  title={A Tutorial on Independent Component Analysis},
  author={Shlens, J.},
  journal={arXiv preprint arXiv:1404.2986},
  year={2014}
}

@article{shehz2009,
   author = {Shehzad, Z. and Kelly, A. M. and Reiss, P. T. and Gee, D. G. and Gotimer, K. and Uddin, L. Q. and Lee, S. H. and Margulies, D. S. and Roy, A. K. and Biswal, B. B. and Petkova, E. and Castellanos, F. X. and Milham, M. P.},
   title = {The resting brain: unconstrained yet reliable},
   journal = {Cereb Cortex},
   volume = {19},
   number = {10},
   pages = {2209-29},
   year = {2009},
   type = {Journal Article}
}

@article{seeley2009,
   author = {Seeley, W. W. and Crawford, R.K. and Zhou, J. and Miller, B.L. and Greicius, M.D.},
   title = {Neurodegenerative Diseases Target Large-Scale Human Brain Networks},
   journal = {Neuron},
   volume = {62},
   pages = {42–52},
   year = {2009},
   type = {Journal Article}
}

@article{ross2008,
   author = {Ross, D. A. and Lim, J. and Lin, R. S. and Yang, M. H.},
   title = {Incremental learning for robust visual tracking},
   journal = {Int J Comput Vis},
   volume = {77},
   number = {1-3},
   pages = {125-141},
   year = {2008},
   type = {Journal Article}
}

@article{randy2008,
   author = {Buckner, R. L. and Andrews-Hanna, J. R. and Schacter, D. L.},
   title = {The brain's default network: anatomy, function, and relevance to disease},
   journal = {Ann N Y Acad Sci},
   volume = {1124},
   pages = {1-38},
   year = {2008},
   type = {Journal Article}
}

@article{uddin10,
   author = {Uddin, L. Q. and Supekar, K. and Amin, H. and Rykhlevskaia, E. and Nguyen, D. A. and Greicius, M. D. and Menon, V.},
   title = {Dissociable connectivity within human angular gyrus and intraparietal sulcus: evidence from functional and structural connectivity},
   journal = {Cereb Cortex},
   volume = {20},
   number = {11},
   pages = {2636-46},
   year = {2010},
   type = {Journal Article}
}

@article{raichle2001pnas,
   author = {Raichle, M. E. and MacLeod, A. M. and Snyder, A. Z. and Powers, W. J. and Gusnard, D. A. and Shulman, G. L.},
   title = {A default mode of brain function},
   journal = {Proc Natl Acad Sci U S A},
   volume = {98},
   number = {2},
   pages = {676-82},
   year = {2001},
   type = {Journal Article}
}

@article{per09,
   author = {Pereira, F. and Mitchell, T. and Botvinick, M.},
   title = {Machine learning classifiers and fMRI: a tutorial overview},
   journal = {Neuroimage},
   volume = {45},
   pages = {199-209},
   year = {2009},
   type = {Journal Article}
}

@article{thirion06inverse,
   author = {Thirion, B. and Duchesnay, E. and Hubbard, E. and Dubois, J. and Poline, J. B. and Lebihan, D. and Dehaene, S.},
   title = {Inverse retinotopy: inferring the visual content of images from brain activation patterns},
   journal = {Neuroimage},
   volume = {33},
   number = {4},
   pages = {1104-16},
   year = {2006},
   type = {Journal Article}
}

@article{miyawaki2008visual,
  author={Miyawaki, Y. and Uchida, H. and Yamashita, O. and Sato, M. and Morito, Y. and Tanabe, H. C. and Sadato, N. and Kamitani, Y.},
  title={Visual image reconstruction from human brain activity using a combination of multiscale local image decoders},
  journal={Neuron},
  volume={60},
  number={5},
  pages={915-929},
  year={2008},
  publisher={Elsevier}
}

@article{yarkoni11,
   author = {Yarkoni, T. and Poldrack, R. A. and Nichols, T. E. and Van Essen, D. C. and Wager, T. D.},
   title = {Large-scale automated synthesis of human functional neuroimaging data},
   journal = {Nat Methods},
   volume = {8},
   number = {8},
   pages = {665-70},
   year = {2011},
   type = {Journal Article}
}

@book{kandel2000principles,
  title={Principles of Neural Science},
  author={Kandel, E. R. and Schwartz, J. H.},
  volume={4},
  year={2000},
  publisher={McGraw-Hill New York}
}

@article{wiegell03,
   author = {Wiegell, M. R. and Tuch, D. S. and Larsson, H. B. and Wedeen, V. J.},
   title = {Automatic segmentation of thalamic nuclei from diffusion tensor magnetic resonance imaging},
   journal = {Neuroimage},
   volume = {19},
   number = {2 Pt 1},
   pages = {391-401},
   year = {2003},
   type = {Journal Article}
}

@inbook{essen85,
   author = {Van Essen, D. C.},
   title = {Functional organization of primate visual cortex},
   booktitle = {Cerebral Cortex},
   editor = {Peters, A. and Jones, E.G.},
   publisher = {Plenum Press},
   address = {New York},
   pages = {259-329},
   year = {1985},
   type = {Book Section}
}

@article{naselaris,
   author = {Naselaris, T. and Kay, K. N. and Nishimoto, S. and Gallant, J. L.},
   title = {Encoding and decoding in fMRI},
   journal = {Neuroimage},
   volume = {56},
   number = {2},
   pages = {400-10},
   year = {2011},
   type = {Journal Article}
}

@book{dejerine1895anatomie,
  title={Anatomie des centres nerveux},
  author={D\'ejerine, J. J.},
  volume={1},
  year={1895},
  publisher={Rueff}
}

@article{gorgo14vault,
   author = {Gorgolewski, K. J. and Varoquaux, G. and Rivera, G. and Schwarz, Y. and Ghosh, S. S. and Maumet, C. and Nichols, T. E. and Poldrack, R. A. and Poline, J. P. and Yarkoni, Y. and Margulies, D. S.},
   title = {NeuroVault.org: A web-based repository for collecting and sharing unthresholded statistical maps of the human brain},
   pages = {in press},
   year = {2014},
   type = {Journal Article}
}

@article{kamitani05,
   author = {Kamitani, Y. and Tong, Frank},
   title = {Decoding the visual and subjective contents of the human brain},
   journal = {Nat Neurosci},
   volume = {8},
   number = {5},
   pages = {679-685},
   year = {2005},
   type = {Journal Article}
}

@article{haynes05,
   author = {Haynes, J. D. and Rees, G.},
   title = {Predicting the orientation of invisible stimuli from acitvity in human primary visual cortex},
   journal = {Nat Neurosci},
   volume = {8},
   number = {5},
   pages = {686-691},
   year = {2005},
   type = {Journal Article}
}

@article{frist09,
   author = {Friston, K. J. and Chu, C. and Mourao-Miranda, J. and Hulme, O. and Rees, G. and Penny, W. and Ashburner, J.},
   title = {Bayesian decoding of brain images},
   journal = {Neuroimage},
   volume = {39},
   number = {1},
   pages = {181-205},
   year = {2008},
   type = {Journal Article}
}

@article{pedr11,
   author = {Pedregosa, F. and Varoquaux, G. and Gramfort, A. and Michel, V. and Thirion, B. and Grisel, O. and Blondel, M. and Prettenhofer, P. and Weiss, R. and Dubourg, V. and Vanderplas, J. and Passos, A. and Cournapeau, D. and Brucher, M. and Perrot, M. and Duchesnay, E.},
   title = {Scikit-learn: Machine Learning in Python},
   journal = {J Mach Learn Res},
   volume = {12},
   pages = {2825-2830},
   year = {2011},
   type = {Journal Article}
}

@book{foucart2013mathematical,
  title={A Mathematical Introduction to Compressive Sensing},
  author={Foucart, S. and Rauhut, H.},
  year={2013},
  publisher={Springer}
}

@article{jain1999,
   author = {Jain, A. K. and Murty, M. N. and Flynn, P. J.},
   title = {Data clustering: a review},
   journal = {ACN Computing Surveys},
   volume = {31},
   number = {3},
   pages = {264-323},
   year = {1999},
   type = {Journal Article}
}

@article{hartigan79,
   author = {Hartigan, J. A. and Wong, M. A.},
   title = {A k-means clustering algorithm},
   journal = {J Appl Stat},
   volume = {28},
   pages = {100-108},
   year = {1979},
   type = {Journal Article}
}

@article{jain10,
   author = {Jain, A. K.},
   title = {Data clustering: 50 years beyond K-means},
   journal = {Pattern Recognition Letters},
   volume = {31},
   pages = {651–666},
   year = {2010},
   type = {Journal Article}
}

@article{tononi1998complexity,
  title={Complexity and coherency: integrating information in the brain},
  author={Tononi, Giulio and Edelman, Gerald M and Sporns, Olaf},
  journal={Trends in cognitive sciences},
  volume={2},
  number={12},
  pages={474--484},
  year={1998},
  publisher={Elsevier}
}

@article{friston03dcm,
   author = {Friston, K. J. and Harrison, L. and Penny, W.},
   title = {Dynamic causal modelling},
   journal = {Neuroimage},
   volume = {19},
   number = {4},
   pages = {1273-302},
   year = {2003},
   type = {Journal Article}
}


@article{jbabdi2013long,
  title={Long-range connectomics},
  author={Jbabdi, Saad and Behrens, Timothy E},
  journal={Annals of the New York Academy of Sciences},
  volume={1305},
  number={1},
  pages={83--93},
  year={2013},
  publisher={Wiley Online Library}
}

@article{felleman1991distributed,
  title={Distributed hierarchical processing in the primate cerebral cortex},
  author={Felleman, Daniel J and Van Essen, David C},
  journal={Cerebral cortex},
  volume={1},
  number={1},
  pages={1--47},
  year={1991},
  publisher={Oxford Univ Press}
}

@article{friston2002beyond,
  title={Beyond phrenology: what can neuroimaging tell us about distributed circuitry?},
  author={Friston, Karl},
  journal={Annual review of neuroscience},
  volume={25},
  number={1},
  pages={221--250},
  year={2002},
  publisher={Annual Reviews 4139 El Camino Way, PO Box 10139, Palo Alto, CA 94303-0139, USA}
}

@article{handl,
   author = {Handl, J. and Knowles, J. and Kell, D. B.},
   title = {Computational cluster validation in post-genomic data analysis},
   journal = {Bioinformatics},
   volume = {21},
   number = {15},
   pages = {3201-12},
   year = {2005},
   type = {Journal Article}
}

@article{nan09,
   author = {Nanetti, L. and Cerliani, L. and Gazzola, V. and Renken, R. and Keysers, C.},
   title = {Group analyses of connectivity-based cortical parcellation using repeated k-means clustering},
   journal = {Neuroimage},
   volume = {47},
   number = {4},
   pages = {1666-77},
   year = {2009},
   type = {Journal Article}
}

@article{mesulam_sensation,
   author = {Mesulam, M. M.},
   title = {From sensation to cognition},
   journal = {Brain},
   volume = {121},
   pages = {1013-52},
   year = {1998},
   type = {Journal Article}
}

@article{menon2010,
   author = {Mennes, M. and Kelly, C. and Zuo, X. N. and Di Martino, A. and Biswal, B. B. and Castellanos, X. F. and Milham, M. P.},
   title = {Inter-Individual Differences in Resting State Functional Connectivity Predict Task-Induced BOLD Activity},
   journal = {Neuroimage},
   volume = {50},
   number = {4},
   pages = {1690–1701},
   year = {2010},
   type = {Journal Article}
}

@article{mennes2013,
   author = {Mennes, M. and Kelly, C. and Colcombe, S. and Castellanos, F. X. and Milham, M. P.},
   title = {The Extrinsic and Intrinsic Functional Architectures of the Human Brain are not equivalent},
   journal = {Cereb Cortex},
   volume = {23},
   pages = {223-229},
   year = {2013},
   type = {Journal Article}
}

@article{mckeown1998,
   author = {McKeown, M. J. and Jung, T. P. and Makeig, S. and Brown, G. and Kindermann, S. S. and Lee, T. W. and Sejnowski, T. J.},
   title = {Spatially independent activity patterns in functional MRI data during the Stroop color-naming task},
   journal = {Proc Natl Acad Sci U S A},
   volume = {95},
   number = {3},
   pages = {803-810},
   year = {1998},
   type = {Journal Article}
}

@article{mason2007,
   author = {Mason, M. F. and Norton, M. I. and Van Horn, J. D. and Wegner, D. M. and Grafton, S. T. and Macrae, C. N.},
   title = {Wandering minds: the default network and stimulus-independent thought},
   journal = {Science},
   volume = {315},
   pages = {393-395},
   year = {2007},
   type = {Journal Article}
}

@article{mantini11,
   author = {Mantini, D. and Gerits, A. and Nelissen, K. and Durand, J. B. and Joly, O. and Simone, L. and Sawamura, H. and Wardak, C. and Orban, G. A. and Buckner, R. L. and Vanduffel, W.},
   title = {Default mode of brain function in monkeys},
   journal = {J Neurosci},
   volume = {31},
   number = {36},
   pages = {12954-62},
   year = {2011},
   type = {Journal Article}
}

@article{lu12,
   author = {Lu, H. and Zou, Q. and Gu, H. and Raichle, M. E. and Stein, E. A. and Yang, Y.},
   title = {Rat brains also have a default mode network},
   journal = {Proc Natl Acad Sci U S A},
   volume = {109},
   number = {10},
   pages = {3979–3984},
   year = {2012},
   type = {Journal Article}
}

@article{lloyd57,
   author = {Lloyd, S.P.},
   title = {Least squares quantization in PCM},
   journal = {IEEE Trans Inf Theory},
   volume = {28},
   pages = {129-137},
   year = {1957},
   type = {Journal Article}
}

@article{bm02,
   author = {Fox, P. T. and Lancaster, J. L.},
   title = {Opinion: Mapping context and content: the BrainMap model},
   journal = {Nat Rev Neurosci},
   volume = {3},
   number = {4},
   pages = {319-21},
   year = {2002},
   type = {Journal Article}
}


@article{liddle2011,
   author = {Liddle, E. B. and Hollis, C. and Batty, M. J. and Groom, M. J. and Totman, J. J. and Liotti, M. and Scerif, G. and Liddle, P. F.},
   title = {Task-related Default Mode Network modulation and inhibitory control in ADHD: effects of motivation and methylphenidate},
   journal = {Journal of Child Psychology and Psychiatry},
   volume = {52},
   number = {7},
   pages = {761–771},
   year = {2011},
   type = {Journal Article}
}

@book{wittgenstein53philosophische,
  title={Philosophische Untersuchungen.},
  author={Wittgenstein, L.},
  year={1953},
  publisher={Blackwell}
}

@book{habermas81,
  title={Theorie des kommunikativen Handelns},
  author={Habermas, J.},
  address = {Frankfurt am Main},
  year = {1981},
  type = {Book}
}

@article{poldrack06,
   author = {Poldrack, R. A.},
   title = {Can cognitive processes be inferred from neuroimaging data?},
   journal = {Trends Cogn Sci},
   volume = {10},
   number = {2},
   pages = {59-63},
   year = {2006},
   type = {Journal Article}
}

@article{turkeltaub12,
   author = {Turkeltaub, P. E. and Eickhoff, S. B. and Laird, A. R. and Fox, M. and Wiener, M. and Fox, P.},
   title = {Minimizing within-experiment and within-group effects in Activation Likelihood Estimation meta-analyses},
   journal = {Hum Brain Mapp},
   volume = {33},
   number = {1},
   pages = {1-13},
   year = {2012},
   type = {Journal Article}
}

@article{laird2009,
   author = {Laird, A. R. and Eickhoff, S. B. and Li, K. and Robin, D. A. and Glahn, D. C. and Fox, P. T.},
   title = {Investigating the functional heterogeneity of the default mode network using coordinate-based meta-analytic modeling},
   journal = {J Neurosci},
   volume = {29},
   number = {46},
   pages = {14496-505},
   year = {2009},
   type = {Journal Article}
}

@book{feyerabend1975against,
  title={Against method: Outline of an anarchistic theory of knowledge. Atlantic Highlands},
  author={Feyerabend, P.},
  year={1975}
}

@article{kennedy2006,
   author = {Kennedy, D. P. and Redcay, E. and Courchesne, E.},
   title = {Failing to deactivate: Resting functional abnormalities in autism},
   journal = {Proc Natl Acad Sci U S A},
   volume = {103},
   number = {21},
   pages = {8275–8280},
   year = {2006},
   type = {Journal Article}
}

@article{john67,
   author = {Johnson, S. C.},
   title = {Hierarchical clustering schemes.},
   journal = {Psychometrika},
   volume = {32},
   pages = {241–254},
   year = {1967},
   type = {Journal Article}
}

@article{hyvarinen2000,
   author = {Hyv\"arinen, A.},
   title = {Fast and robust fixed-point algorithms for independent component analysis},
   journal = {Neural Networks, IEEE Transactions on},
   volume = {10},
   number = {3},
   pages = {626-634},
   year = {1999},
   type = {Journal Article}
}

@book{hastie,
   author = {Hastie, T. and Tibshirani, R. and Friedman, J.},
   title = {The Elements of Statistical Learning},
   publisher = {Springer Series in Statistics},
   address = {Heidelberg, Germany},
   year = {2011},
   type = {Book}
}

@article{hanson08,
   author = {Hanson, S. J. and Halchenko, Y. O.},
   title = {Brain Reading Using Full Brain Support VectorMachines for Object Recognition: There Is No “Face” Identiﬁcation Area},
   journal = {Neural Comput},
   volume = {20},
   pages = {486-503},
   year = {2008},
   type = {Journal Article}
}

@article{hamilton2011,
   author = {Hamilton, J. P. and Furman, D. J. and Chang, C. and Thomason, M. E. and Dennis, E. and Gotlib, I. H.},
   title = {Default-mode and task-positive network activity in Major Depressive Disorder: Implications for adaptive and maladaptive rumination},
   journal = {Biol Psychiatry},
   volume = {70},
   number = {4},
   pages = {327–333},
   year = {2011},
   type = {Journal Article}
}

@article{golland07,
   author = {Golland, Y. and Bentin, S. and Gelbard, H. and Benjamini, Y. and Heller, R. and Nir, Y. and Hasson, U. and Malach, R.},
   title = {Extrinsic and intrinsic systems in the posterior cortex of the human brain revealed during natural sensory stimulation},
   journal = {Cereb Cortex},
   volume = {17},
   number = {4},
   pages = {766-77},
   year = {2007},
   type = {Journal Article}
}

@article{glass13,
   author = {Glasser, M. F. and Sotiropoulos, S. N. and Wilson, J. A. and Coalson, T. S. and Fischl, B. and Andersson, J. L. and Xu, J. and Jbabdi, S. and Webster, M. and Polimeni, J. R.},
   title = {The minimal preprocessing pipelines for the Human Connectome Project},
   journal = {Neuroimage},
   volume = {80},
   pages = {105-124},
   year = {2013},
   type = {Journal Article}
}

@article{fransson2006,
   author = {Fransson, P.},
   title = {How default is the default mode of brain function? Further evidence from intrinsic BOLD signal fluctuations},
   journal = {Neuropsychologia},
   volume = {44},
   pages = {2836–2845},
   year = {2006},
   type = {Journal Article}
}

@article{fukunaga2006large,
  title={Large-amplitude, spatially correlated fluctuations in BOLD fMRI signals during extended rest and early sleep stages},
  author={Fukunaga, M. and Horovitz, S. G. and van Gelderen, P. and de Zwart, J. A. and Jansma, J. M. and Ikonomidou, V. N. and Chu, R. and Deckers, R. H. R. and Leopold, D. A. and Duyn, J. H.},
  journal={Magnetic Resonance Imaging},
  volume={24},
  number={8},
  pages={979-992},
  year={2006},
  publisher={Elsevier}
}

@article{essen92,
   author = {Van Essen, D. C. and Anderson, C. H. and Felleman, D. J.},
   title = {Information processing in the primate visual system: an integrated systems perspective},
   journal = {Science},
   volume = {255},
   number = {5043},
   pages = {419-23},
   year = {1992},
   type = {Journal Article}
}

@article{rizzo87,
   author = {Rizzolatti, G.},
   title = {Functional organization of inferior area 6},
   journal = {Ciba Found Symp},
   volume = {132},
   pages = {171-86},
   year = {1987},
   type = {Journal Article}
}

@article{fox2005,
   author = {Fox, M. D. and Snyder, A. Z. and Vincent, J. L. and Corbetta, M. and Van Essen, D. C. and Raichle, M. E.},
   title = {The human brain is intrinsically organized into dynamic, anticorrelated functional networks},
   journal = {Proc Natl Acad Sci U S A},
   volume = {102},
   number = {27},
   pages = {9673-8},
   year = {2005},
   type = {Journal Article}
}

@article{essen2012,
   author = {Van Essen, D. C. and Ugurbil, K. and Auerbach, E. and Barch, D. and Behrens, T. E. J. and Bucholz, R. and Chang, A. and Chen, L. and Corbetta, M. and Curtiss, S. W.},
   title = {The Human Connectome Project: a data acquisition perspective},
   journal = {Neuroimage},
   volume = {62},
   number = {4},
   pages = {2222-2231},
   year = {2012},
   type = {Journal Article}
}

@article{beck2009,
  title={A fast iterative shrinkage-thresholding algorithm for linear inverse problems},
  author={Beck, A. and Teboulle, M.},
  journal={SIAM journal on imaging sciences},
  volume={2},
  number={1},
  pages={183--202},
  year={2009},
  publisher={SIAM}
}

@article{doria2010,
   author = {Doria, V. and Beckmann, C. F. and Arichia, T. and Merchanta, N. and Groppoa, M. and Turkheimerb, F. E. and Counsella, S. J. and Murgasovad, M. and Aljabard, P. and Nunesa, R. G. and Larkmana, D. J. and Reese, G. and Edwards, A. D.},
   title = {Emergence of resting state networks in the preterm human brain},
   journal = {Proc Natl Acad Sci U S A},
   volume = {107},
   number = {46},
   pages = {20015-20020},
   year = {2010},
   type = {Journal Article}
}

@article{crad12,
   author = {Craddock, R. C. and James, G. A. and Holtzheimer, P. E., 3rd and Hu, X. P. and Mayberg, H. S.},
   title = {A whole brain fMRI atlas generated via spatially constrained spectral clustering},
   journal = {Hum Brain Mapp},
   volume = {33},
   number = {8},
   pages = {1914-28},
   year = {2012},
   type = {Journal Article}
}

@article{corbettashul2008,
   author = {Corbetta, M. and Patel, G. and Shulman, G. L.},
   title = {The reorienting system of the human brain: from environment to theory of mind},
   journal = {Neuron},
   volume = {58},
   number = {3},
   pages = {306-24},
   year = {2008},
   type = {Journal Article}
}

@article{cole14,
   author = {Cole, M. W. and Bassettf, D. S. and Power, J. D. and Braver, T. S. and Petersen, S. E.},
   title = {Intrinsic and Task-Evoked Network Architectures of the Human Brain},
   journal = {Neuron},
   volume = {83c},
   pages = {238–251},
   year = {2014},
   type = {Journal Article}
}

@article{eickhoff11macm,
   author = {Eickhoff, S. B. and Bzdok, D. and Laird, A. R. and Roski, C. and Caspers, S. and Zilles, K. and Fox, P. T.},
   title = {Co-activation patterns distinguish cortical modules, their connectivity and functional differentiation},
   journal = {Neuroimage},
   volume = {57},
   number = {3},
   pages = {938-49},
   year = {2011},
   type = {Journal Article}
}

@article{chen01,
   author = {Chennubhotla, C. and Jepson, A.},
   title = {Sparse PCA. Extracting multi-scale structure from data},
   journal = {Eighth IEEE International Conference on Computer Vision, 2001},
   volume = {1},
   pages = {641-647},
   year = {2001},
   type = {Journal Article}
}

@article{calhoun2001,
   author = {Calhoun, V. D. and Adali, T. and Pearlson, G. D. and Pekar, J. J.},
   title = {A method for making group inferences from functional MRI data using independent component analysis},
   journal = {Human Brain Mapp},
   volume = {14},
   number = {3},
   pages = {140-151},
   year = {2001},
   type = {Journal Article}
}

@article{robinson10,
   author = {Robinson, J. L. and Laird, A. R. and Glahn, D. C. and Lovallo, W. R. and Fox, P. T.},
   title = {Metaanalytic connectivity modeling: delineating the functional connectivity of the human amygdala},
   journal = {Hum Brain Mapp},
   volume = {31},
   number = {2},
   pages = {173-84},
   year = {2010},
   type = {Journal Article}
}

@article{nichols05,
   author = {Nichols, T. and Brett, M. and Andersson, J. and Wager, T. and Poline, J. B.},
   title = {Valid conjunction inference with the minimum statistic},
   journal = {Neuroimage},
   volume = {25},
   number = {3},
   pages = {653-60},
   year = {2005},
   type = {Journal Article}
}

@article{kim10,
   author = {Kim, J. H. and Lee, J. M. and Jo, H. J. and Kim, S. H. and Lee, J. H. and Kim, S. T. and Seo, S. W. and Cox, R. W. and Na, D. L. and Kim, S. I. and Saad, Z. S.},
   title = {Defining functional SMA and pre-SMA subregions in human MFC using resting state fMRI: functional connectivity-based parcellation method},
   journal = {Neuroimage},
   volume = {49},
   number = {3},
   pages = {2375-86},
   year = {2010},
   type = {Journal Article}
}

@article{bzdok2013tpj,
   author = {Bzdok, D. and Langner, R. and Schilbach, L. and Jakobs, O. and Roski, C. and Caspers, S. and Laird, A. R. and Fox, P. T. and Zilles, K. and Eickhoff, S. B.},
   title = {Characterization of the temporo-parietal junction by combining data-driven parcellation, complementary connectivity analyses, and functional decoding},
   journal = {Neuroimage},
   volume = {81},
   pages = {381–392},
   year = {2013},
   type = {Journal Article}
}

@article{weissenbacher09,
   author = {Weissenbacher, A. and Kasess, C. and Gerstl, F. and Lanzenberger, R. and Moser, E. and Windischberger, C.},
   title = {Correlations and anticorrelations in resting-state functional connectivity MRI: a quantitative comparison of preprocessing strategies},
   journal = {Neuroimage},
   volume = {47},
   number = {4},
   pages = {1408-16},
   year = {2009},
   type = {Journal Article}
}

@article{ash05,
   author = {Ashburner, J. and Friston, K. J.},
   title = {Unified segmentation},
   journal = {Neuroimage},
   volume = {26},
   number = {3},
   pages = {839-51},
   year = {2005},
   type = {Journal Article}
}

@article{holmes98,
   author = {Holmes, C. J. and Hoge, R. and Collins, L. and Woods, R. and Toga, A. W. and Evans, A. C.},
   title = {Enhancement of MR images using registration for signal averaging},
   journal = {J Comput Assist Tomogr},
   volume = {22},
   number = {2},
   pages = {324-33},
   year = {1998},
   type = {Journal Article}
}

@article{eickhoff12ale,
   author = {Eickhoff, S. B. and Bzdok, D. and Laird, A. R. and Kurth, F. and Fox, P. T.},
   title = {Activation likelihood estimation meta-analysis revisited},
   journal = {Neuroimage},
   volume = {59},
   number = {3},
   pages = {2349-61},
   year = {2012},
   type = {Journal Article}
}

@article{schilbach08,
   author = {Schilbach, L. and Eickhoff, S. B. and Rotarska-Jagiela, A. and Fink, G. R. and Vogeley, K.},
   title = {Minds at rest? Social cognition as the default mode of cognizing and its putative relationship to the "default system" of the brain},
   journal = {Conscious Cogn},
   volume = {17},
   number = {2},
   pages = {457-67},
   year = {2008},
   type = {Journal Article}
}

@article{halevy2009unreasonable,
  title={The unreasonable effectiveness of data},
  author={Halevy, A. and Norvig, P. and Pereira, F.},
  journal={Intelligent Systems, IEEE},
  volume={24},
  number={2},
  pages={8-12},
  year={2009},
  publisher={IEEE}
}

@article{dunbar2007evolution,
  title={Evolution in the social brain},
  author={Dunbar, R. I. M. and Shultz, S.},
  journal={Science},
  volume={317},
  number={5843},
  pages={1344-1347},
  year={2007},
  publisher={American Association for the Advancement of Science}
}

@inproceedings{bzdok2015semi,
  title={Semi-Supervised Factored Logistic Regression for High-Dimensional Neuroimaging Data},
  author={Bzdok, D. and Eickenberg, M. and Grisel, O. and Thirion, B. and Varoquaux, G.},
  booktitle={Advances in Neural Information Processing Systems},
  pages={3330--3338},
  year={2015}
}

@incollection{bzdok2015neurobiology,
  title={The Neurobiology of Moral Cognition: Relation to Theory of Mind, Empathy, and Mind-Wandering},
  author={Bzdok, D. and Gross, D. and Eickhoff, S. B},
  booktitle={Handbook of Neuroethics},
  pages={127-148},
  year={2015},
  publisher={Springer}
}

@article{mesulam2012evolving,
  title={The evolving landscape of human cortical connectivity: facts and inferences},
  author={Mesulam, M. M.},
  journal={Neuroimage},
  volume={62},
  number={4},
  pages={2182-2189},
  year={2012},
  publisher={Elsevier}
}

@article{iaria2008contrib,
   author = {Iaria, G. and Fox, C. J. and Waite, C. T. and Aharon, I. and Barton, J. J.},
   title = {The contribution of the fusiform gyrus and superior temporal sulcus in processing facial attractiveness: neuropsychological and neuroimaging evidence},
   journal = {Neuroscience},
   volume = {155},
   number = {2},
   pages = {409-22},
   year = {2008},
   type = {Journal Article}
}

@book{shepard1988neurobiology,
  title={Neurobiology},
  author={Shepard, G. M.},
  year={1988},
  publisher={Oxford University Press}
}

@book{wilson2013letters,
  title={Letters to a young scientist},
  author={Wilson, E. O.},
  year={2013},
  publisher={WW Norton \& Company}
}

@article{ashburner11,
   author = {Ashburner, J. and Kl\"oppel, S.},
   title = {Multivariate models of inter-subject anatomical variability},
   journal = {Neuroimage},
   volume = {56},
   number = {2},
   pages = {422-39},
   year = {2011},
   type = {Journal Article}
}

@article{kanai11,
   author = {Kanai, R. and Rees, G.},
   title = {The structural basis of inter-individual differences in human behaviour and cognition},
   journal = {Nat Rev Neurosci},
   volume = {12},
   number = {4},
   pages = {231-42},
   year = {2011},
   type = {Journal Article}
}


@article{barrett2013large,
  title={Large-scale brain networks in affective and social neuroscience: towards an integrative functional architecture of the brain},
  author={Barrett, L. F. and Satpute, A. B.},
  journal={Curr Opin Neurol},
  volume={23},
  number={3},
  pages={361-372},
  year={2013},
  publisher={Elsevier}
}

@article{kandel2013neuroscience,
  title={Neuroscience thinks big (and collaboratively)},
  author={Kandel, E. R. and Markram, H. and Matthews, P. and Yuste, R. and Koch, C.},
  journal={Nat Rev Neurosci},
  volume={14},
  number={9},
  pages={659--664},
  year={2013},
  publisher={Nature Publishing Group}
}

@article{nn_big,
   title = {Focus on big data},
   author={Anonymous, A.},
   journal = {Nat Neurosci},
   volume = {17},
   number = {11},
   pages = {1429-1429},
   year = {2014},
   type = {Journal Article}
}

@article{behrens2009computation,
  title={The computation of social behavior},
  author={Behrens, T. E. J. and Hunt, L. T. and Rushworth, M. F. S.},
  journal={Science},
  volume={324},
  number={5931},
  pages={1160-1164},
  year={2009},
  publisher={American Association for the Advancement of Science}
}

@book{byrne,
   author = {Byrne, R. W. and Whiten, A.},
   title = {Machiavellian Intelligence: Social Expertise and the Evolution of Intellect in Monkeys, Apes, and Humans},
   publisher = {Oxford University Press},
   address = {Oxford},
   year = {1988},
   type = {Book}
}

@article{zeki1978functional,
  title={Functional specialisation in the visual cortex of the rhesus monkey},
  author={Zeki, S. M.},
  journal={Nature},
  volume={274},
  number={5670},
  pages={423--428},
  year={1978}
}

@inbook{humphrey,
   author = {Humphrey, N. K.},
   title = {The social function of intellect.},
   booktitle = {Growing Points in Ethology},
   editor = {Bateson, P.P.G. and Hinde, R. A.},
   publisher = {Cambridge University Press},
   address = {Cambridge},
   pages = {303-317},
   year = {1978},
   type = {Book Section}
}

@article{tomasello2003states,
   author = {Tomasello, M. and Call, J. and Hare, B.},
   title = {Chimpanzees understand psychological states - the question is which ones and to what extent},
   journal = {Trends Cogn Sci},
   volume = {7},
   number = {4},
   pages = {153-156},
   year = {2003},
   type = {Journal Article}
}

@book{tomasello2009cultural,
  title={The Cultural Origins of Human Cognition},
  author={Tomasello, M.},
  year={2009},
  publisher={Harvard University Press}
}

@article{wigner1960unreasonable,
  title={The unreasonable effectiveness of mathematics in the natural sciences. Richard courant lecture in mathematical sciences delivered at New York University, May 11, 1959},
  author={Wigner, E. P.},
  journal={Communications on pure and applied mathematics},
  volume={13},
  number={1},
  pages={1-14},
  year={1960},
  publisher={Wiley Online Library}
}

@article{broyd09,
   author = {Broyd, S. J. and Demanuele, C. and Debener, S. and Helps, S. K. and James, C. J. and Sonuga-Barke, E. J.},
   title = {Default-mode brain dysfunction in mental disorders: a systematic review},
   journal = {Neurosci Biobehav Rev},
   volume = {33},
   number = {3},
   pages = {279-96},
   year = {2009},
   type = {Journal Article}
}

@article{biswal1995,
   author = {Biswal, B. B. and Yetkin, F. Z. and Haughton, V. M. and Hyde, J. S.},
   title = {Functional connectivity in the motor cortex of resting human brain using echo-planar MRI},
   journal = {Magn Reson Med},
   volume = {34},
   number = {4},
   pages = {537-41},
   year = {1995},
   type = {Journal Article}
}

@book{bish2006,
   author = {Bishop, C. M.},
   title = {Pattern recognition and machine learning},
   publisher = {springer New York},
   volume = {4},
   note = {4},
   year = {2006},
   type = {Book}
}

@article{bert1950,
   author = {von Bertalanffy, L.},
   title = {An outline of General System Theory.},
   journal = {Br J Philos Sci},
   volume = {1},
   pages = {1389–1164},
   year = {1950},
   type = {Journal Article}
}

@article{buzsaki2004neuronal,
  title={Neuronal oscillations in cortical networks},
  author={Buzs{\'a}ki, Gy{\"o}rgy and Draguhn, Andreas},
  journal={science},
  volume={304},
  number={5679},
  pages={1926--1929},
  year={2004},
  publisher={American Association for the Advancement of Science}
}

@article{beckmann2005,
   author = {Beckmann, C. F. and DeLuca, M. and Devlin, J. T. and Smith, S. M.},
   title = {Investigations into resting-state connectivity using independent component analysis},
   journal = {Philos Trans R Soc Lond B Biol Sci},
   volume = {360},
   number = {1457},
   pages = {1001-13},
   year = {2005},
   type = {Journal Article}
}

@article{friston1998modes,
  title={Modes or models: a critique on independent component analysis for fMRI},
  author={Friston, K. J.},
  journal={Trends Cogn Sci},
  volume={2},
  number={10},
  pages={373-375},
  year={1998},
  publisher={Elsevier Current Trends}
}

@article{barch2013,
   author = {Barch, D. M. and Burgess, G. C. and Harms, M. P. and Petersen, S. E. and Schlaggar, B. L. and Corbetta, M. and Glasser, M. F. and Curtiss, S. and Dixit, S. and Feldt, C.},
   title = {Function in the human connectome: task-fMRI and individual differences in behavior},
   journal = {Neuroimage},
   volume = {80},
   pages = {169-189},
   year = {2013},
   type = {Journal Article}
}

@article{anderson2013,
   author = {Anderson, M. L. and Kinnison, J. and Pessoa, L.},
   title = {Describing functional diversity of brain regions and brain networks},
   journal = {Neuroimage},
   volume = {73},
   pages = {50–58},
   year = {2013},
   type = {Journal Article}
}

@article{abrah14,
   author = {Abraham, A. and Pedregosa, F. and Eickenberg, M. and Gervais, P. and Mueller, A. and Kossaifi, J. and Gramfort, A. and Thirion, B. and Varoquaux, G.},
   title = {Machine learning for neuroimaging with scikit-learn},
   journal = {Front Neuroinform},
   volume = {8},
   pages = {14},
   year = {2014},
   type = {Journal Article}
}

@article{thirion14,
   author = {Thirion, B. and Varoquaux, G. and Dohmatob, E. and Poline, J. B.},
   title = {Which fMRI clustering gives good brain parcellations?},
   journal = {Front Neurosci},
   volume = {8},
   pages = {167},
   year = {2014},
   type = {Journal Article}
}

@article{bzdok12modular,
   author = {Bzdok, D. and Langner, R. and Hoffstaedter, F. and Turetsky, B. I. and Zilles, K. and Eickhoff, S. B.},
   title = {The modular neuroarchitecture of social judgments on faces},
   journal = {Cereb Cortex},
   volume = {22},
   number = {4},
   pages = {951-61},
   year = {2012},
   type = {Journal Article}
}

@article{behrens03,
   author = {Behrens, T. E. and Johansen-Berg, H. and Woolrich, M. W. and Smith, S. M. and Wheeler-Kingshott, C. A. and Boulby, P. A. and Barker, G. J. and Sillery, E. L. and Sheehan, K. and Ciccarelli, O. and Thompson, A. J. and Brady, J. M. and Matthews, P. M.},
   title = {Non-invasive mapping of connections between human thalamus and cortex using diffusion imaging},
   journal = {Nat Neurosci},
   volume = {6},
   number = {7},
   pages = {750-7},
   year = {2003},
   type = {Journal Article}
}

@article{behrens05,
   author = {Behrens, T. E. and Johansen-Berg, H.},
   title = {Relating connectional architecture to grey matter function using diffusion imaging},
   journal = {Phil Trans R Soc B},
   volume = {360},
   pages = {903–911},
   year = {2005},
   type = {Journal Article}
}

@article{cbp2015review,
   author = {Eickhoff, S. B. and Thirion, B. and Varoquaux, G. and Bzdok, D.},
   title = {Connectivity-based parcellation: Critique and implications},
   journal = {Hum Brain Mapp},
   year = {2015},
   type = {Journal Article}
}

@article{clos13,
   author = {Clos, M. and Amunts, K. and Laird, A. R. and Fox, P. T. and Eickhoff, S. B.},
   title = {Tackling the multifunctional nature of Broca's region meta-analytically: Co-activation-based parcellation of area 44},
   journal = {Neuroimage},
   volume = {83C},
   pages = {174-188},
   year = {2013},
   type = {Journal Article}
}

@article{amunts14,
   author = {Amunts, K. and Hawrylycz, M. J. and Van Essen, D. C. and Van Horn, J. D. and Harel, N. and Poline, J. B. and De Martino, F. and Bjaalie, J. G. and Dehaene-Lambertz, G. and Dehaene, S.},
   title = {Interoperable atlases of the human brain},
   journal = {Neuroimage},
   volume = {99},
   pages = {525-532},
   year = {2014},
   type = {Journal Article}
}

@article{forgy65,
   author = {Forgy, E. W.},
   title = {Cluster analysis of multivariate data: efficiency versus interpretability of classifications},
   journal = {Biometrics},
   volume = {21},
   pages = {768-769},
   year = {1965},
   type = {Journal Article}
}

@article{bullmore09,
   author = {Bullmore, E. and Sporns, O.},
   title = {Complex brain networks: graph theoretical analysis of structural and functional systems},
   journal = {Nat Rev Neurosci},
   volume = {10},
   number = {4},
   pages = {312-312},
   year = {2009},
   type = {Journal Article}
}

@article{friston97,
   author = {Friston, K. J. and Buechel, C. and Fink, G. R. and Morris, J. and Rolls, E. and Dolan, R. J.},
   title = {Psychophysiological and modulatory interactions in neuroimaging},
   journal = {Neuroimage},
   volume = {6},
   number = {3},
   pages = {218-29},
   year = {1997},
   type = {Journal Article}
}

@article{stephan04,
   author = {Stephan, K. E.},
   title = {On the role of general system theory for functional neuroimaging},
   journal = {J Anat},
   volume = {205},
   number = {6},
   pages = {443-70},
   year = {2004},
   type = {Journal Article}
}

@article{dauphin15,
   author = {Dauphin, Y. N. and de Vries, H. and Chung, J. and Bengio, Y.},
   title = {RMSProp and equilibrated adaptive learning rates for non-convex optimization},
   journal = {arXiv preprint arXiv:1502.04390},
   year = {2015},
   type = {Journal Article}
}

@article{canolty2006high,
  title={High gamma power is phase-locked to theta oscillations in human neocortex},
  author={Canolty, R. T. and Edwards, E. and Dalal, S. S. and Soltani, M. and Nagarajan, S. S. and Kirsch, H. E. and Berger, M. S. and Barbaro, N. M. and Knight, R. T.},
  journal={Science},
  volume={313},
  number={5793},
  pages={1626-1628},
  year={2006},
  publisher={American Association for the Advancement of Science}
}

@book{durham1991coevolution,
  title={Coevolution: Genes, culture, and human diversity},
  author={Durham, W. H.},
  year={1991},
  publisher={Stanford University Press}
}

@book{kuhn2013applied,
  title={Applied Predictive Modeling},
  author={Kuhn, M. and Johnson, K.},
  year={2013},
  publisher={Springer}
}

@book{hardy1992mathematician,
  title={A mathematician's apology},
  author={Hardy, G. H.},
  year={1992},
  publisher={Cambridge University Press}
}

@book{clark1970principles,
  title={Principles of psychopharmacology: a textbook for physicians, medical students, and behavioral scientists},
  author={Clark, W. G. and Del Giudice, J. and Aghajanian, G. K.},
  year={1970},
  publisher={Academic Press Inc}
}

@article{kelso2013outline,
  title={Outline of a general theory of behavior and brain coordination},
  author={Kelso, J. A. S. and Dumas, G. and Tognoli, E.},
  journal={Neural Networks},
  volume={37},
  pages={120-131},
  year={2013},
  publisher={Elsevier}
}

@article{le2011brainweb,
  title={The brainweb of cross-scale interactions},
  author={Le Van Quyen, M.},
  journal={New ideas in psychology},
  volume={29},
  number={2},
  pages={57-63},
  year={2011},
  publisher={Elsevier}
}

@article{pedregosa2015data,
  title={Data-driven HRF estimation for encoding and decoding models},
  author={Pedregosa, F. and Eickenberg, M. and Ciuciu, P. and Thirion, B. and Gramfort, A.},
  journal={Neuroimage},
  volume={104},
  pages={209-220},
  year={2015},
  publisher={Elsevier}
}

@article{bullmore2009complex,
  title={Complex brain networks: graph theoretical analysis of structural and functional systems},
  author={Bullmore, Ed and Sporns, Olaf},
  journal={Nature Reviews Neuroscience},
  volume={10},
  number={3},
  pages={186--198},
  year={2009},
  publisher={Nature Publishing Group}
}

@article{young2000,
   author = {Young, M. P. and Hilgetag, C. C. and Scannell, J. W.},
   title = {On imputing function to structure from the behavioural effects of brain lesions},
   journal = {Philos Trans R Soc Lond B Biol Sci},
   volume = {355},
   number = {1393},
   pages = {147-61},
   year = {2000},
   type = {Journal Article}
}

@book{popper1934logik,
  author={Popper, K. R.},
  title={Logik der Forschung. Wien},
  journal={Springer},
  volume={308},
  pages={34-50},
  year={1934}
}

@article{fox07,
   author = {Fox, D. F. and Raichle, M. E.},
   title = {Spontaneous fluctuations in brain activity observed with functional magnetic resonance imaging},
   journal = {Nat Rev Neurosci},
   volume = {8},
   pages = {700-711},
   year = {2007},
   type = {Journal Article}
}

@article{reivich79,
   author = {Reivich, M. and Kuhl, D. and Wolf, A. and Greenberg, J. and Phelps, M. and Ido, T. and Casella, V. and Fowler, J. and Hoffman, E. and Alavi, A. and Som, P. and Sokoloff, L.},
   title = {The [18F]fluorodeoxyglucose method for the measurement of local cerebral glucose utilization in man},
   journal = {Circ Res},
   volume = {44},
   number = {1},
   pages = {127-37},
   year = {1979},
   type = {Journal Article}
}

@article{pisapia12,
   author = {Pisapia, N. and Turatto, M. and Lin, P. and Jovicich, J. and Caramazza, A.},
   title = {Unconscious Priming Instructions Modulate Activity in Default and Executive Networks of the Human Brain},
   journal = {Cereb Cortex},
   volume = {22},
   number = {3},
   pages = {639-49},
   year = {2012},
   type = {Journal Article}
}

@article{hipp15,
   author = {Hipp, J. F. and Siegel, M.},
   title = {BOLD fMRI Correlation Reflects Frequency-Specific Neuronal Correlation},
   journal = {Curr Biol},
   year = {2015},
   type = {Journal Article}
}

@article{smith2009,
   author = {Smith, S. M. and Fox, P. T. and Miller, K. L. and Glahn, D. C. and Fox, P. M. and Mackay, C. E. and Filippini, N. and Watkins, K. E. and Toro, R. and Laird, A. R. and Beckmann, C. F.},
   title = {Correspondence of the brain's functional architecture during activation and rest},
   journal = {Proc Natl Acad Sci U S A},
   volume = {106},
   number = {31},
   pages = {13040-5},
   year = {2009},
   type = {Journal Article}
}

@inproceedings{le2011ica,
  title={ICA with reconstruction cost for efficient overcomplete feature learning},
  author={Le, Q. V. and Karpenko, A. and Ngiam, J. and Ng, A. Y.},
  booktitle={NIPS},
  pages={1017-1025},
  year={2011}
}

@article{baldi1989neural,
  title={Neural networks and principal component analysis: Learning from examples without local minima},
  author={Baldi, P. and Hornik, K.},
  journal={Neural networks},
  volume={2},
  number={1},
  pages={53-58},
  year={1989},
  publisher={Elsevier}
}

@article{hinton1994autoencoders,
  title={Autoencoders, minimum description length, and Helmholtz free energy},
  author={Hinton, G. E. and Zemel, R. S.},
  journal={NIPS},
  pages={3-3},
  year={1994},
  publisher={Morgan Kaufmann Publishers}
}

@article{olshausen96,
  title={Emergence of simple-cell receptive field properties by learning a sparse code for natural images},
  author={Olshausen, B. A. and Field, D. J.},
  journal={Nature},
  volume={381},
  number={6583},
  pages={607-609},
  year={1996}
}

@inproceedings{vincent2008extracting,
  title={Extracting and composing robust features with denoising autoencoders},
  author={Vincent, P. and Larochelle, H. and Bengio, Y. and Manzagol, P. A.},
  booktitle={Proceedings of the 25th international conference on Machine learning},
  pages={1096-1103},
  year={2008},
  organization={ACM}
}

@article{vincent2010stacked,
  title={Stacked denoising autoencoders: Learning useful representations in a deep network with a local denoising criterion},
  author={Vincent, P. and Larochelle, H. and Lajoie, I. and Bengio, Y. and Manzagol, P. A.},
  journal={J Mach Learn Res},
  volume={11},
  pages={3371-3408},
  year={2010},
  publisher={JMLR.org}
}

@article{bach2014breaking,
  title={Breaking the curse of dimensionality with convex neural networks},
  author={Bach, F.},
  journal={arXiv preprint arXiv:1412.8690},
  year={2014}
}



@article{harlow1848,
   author = {Harlow, J. M.},
   title = {Passage of an iron rod through the head},
   journal = {Boston Medical and Surgical Journal},
   volume = {39},
   number = {20},
   pages = {389-393},
   year = {1848},
   type = {Journal Article}
}

@article{broca1865,
   author = {Broca, P.},
   title = {Sur la facult\'e du language articulaire.},
   journal = {Bulletins et Memoires de la Societ\'e d'Anthropologie de Paris},
   volume = {6},
   pages = {377-393},
   year = {1865},
   type = {Journal Article}
}

@article{wernicke1881akute,
  title={Die akute haemorrhagische Polioencephalitis superior},
  author={Wernicke, C.},
  journal={Lehrbuch Der Gehirnkrankheiten F{\"u}r Aerzte Und Studirende, Bd II},
  volume={2},
  pages={229-242},
  year={1881}
}

@book{huxley2014doors,
  title={The doors of perception. Heaven and hell},
  author={Huxley, A.},
  year={2014},
  publisher={New Canadian Library}
}

@article{penfield1963brain,
  title={The brain's record of auditory and visual experience},
  author={Penfield, W. and Perot, P.},
  journal={Brain},
  volume={86},
  number={4},
  pages={595-696},
  year={1963},
  publisher={Oxford Univ Press}
}

@article{wolpert96,
   author = {Wolpert, D.},
   title = {The lack of a priori distinctions between learning algorithms.},
   journal = {Neural Comput},
   volume = {8},
   pages = {1341–1390},
   year = {1996},
   type = {Journal Article}
}

@article{hinton2006fast,
  title={A fast learning algorithm for deep belief nets},
  author={Hinton, G. E. and Osindero, S. and Teh, Y. W.},
  journal={Neural Comput},
  volume={18},
  number={7},
  pages={1527-1554},
  year={2006},
  publisher={MIT Press}
}

@inproceedings{poultney2006efficient,
  title={Efficient learning of sparse representations with an energy-based model},
  author={Ranzato, M. A. and Poultney, C. and Chopra, S. and LeCun, Y.},
  booktitle={NIPS},
  pages={1137-1144},
  year={2006}
}

@inbook{Ungerleider82,
   author = {Ungerleider, L. G. and Mishkin, M.},
   title = {Two cortical visual systems.},
   booktitle = {Analysis of Visual Behavior.},
   editor = {Ingle, D. J. and Mansfield, R. J. W. },
   publisher = {MIT Press},
   address = {Cambridge},
   pages = {549–586},
   year = {1982},
   type = {Book Section}
}

@article{hinton06,
  title={Reducing the dimensionality of data with neural networks},
  author={Hinton, G. E. and Salakhutdinov, R. R.},
  journal={Science},
  volume={313},
  number={5786},
  pages={504-507},
  year={2006},
  publisher={American Association for the Advancement of Science}
}

@article{poldrack09decoding,
   author = {Poldrack, R. A. and Halchenko, Y. O. and Hanson, S. J.},
   title = {Decoding the large-scale structure of brain function by classifying mental States across individuals},
   journal = {Psychol Sci},
   volume = {20},
   number = {11},
   pages = {1364-72},
   year = {2009},
   type = {Journal Article}
}

@article{abu1994hints,
  title={Learning from hints},
  author={Abu-Mostafa, Y. S.},
  journal={J Complex},
  volume={10},
  number={1},
  pages={165-178},
  year={1994},
  publisher={Elsevier}
}

@article{dauphin2015rmsprop,
  title={RMSProp and equilibrated adaptive learning rates for non-convex optimization},
  author={Dauphin, Y. N. and de Vries, H. and Chung, J. and Bengio, Y.},
  journal={arXiv preprint arXiv:1502.04390},
  year={2015}
}

@article{bastien2012theano,
  title={Theano: new features and speed improvements},
  author={Bastien, F. and Lamblin, P. and Pascanu, R. and Bergstra, J. and Goodfellow, I. and Bergeron, A. and Bouchard, N. and Warde-Farley, D. and Bengio, Y.},
  journal={arXiv preprint arXiv:1211.5590},
  year={2012}
}

@article{barch2013,
   author = {Barch, D. M. and Burgess, G. C. and Harms, M. P. and Petersen, S. E. and Schlaggar, B. L. and Corbetta, M. and Glasser, M. F. and Curtiss, S. and Dixit, S. and Feldt, C.},
   title = {Function in the human connectome: task-fMRI and individual differences in behavior},
   journal = {Neuroimage},
   volume = {80},
   pages = {169-189},
   year = {2013},
   type = {Journal Article}
}

@article{bergstra2010theano,
  title={Theano: a CPU and GPU math expression compiler},
  author={Bergstra, J. and Breuleux, O. and Bastien, F. and Lamblin, P. and Pascanu, R. and Desjardins, G. and Turian, J. and Warde-Farley, D. and Bengio, Y.},
  journal={Proceedings of the Python for scientific computing conference (SciPy)},
  volume={4},
  pages={3},
  year={2010},
  organization={Austin, TX}
}
@article{rmsprop,
  title={Lecture 6.5—RmsProp: Divide the gradient by a running average of its recent magnitude},
  author={Tieleman, T. and Hinton, G.},
  journal={COURSERA: Neural Networks for Machine Learning},
  year={2012}
}

@article{pinel07,
   author = {Pinel, P. and Thirion, B. and Meriaux, S. and Jobert, A. and Serres, J. and Le Bihan, D. and Poline, J. B. and Dehaene, S.},
   title = {Fast reproducible identification and large-scale databasing of individual functional cognitive networks},
   journal = {BMC Neurosci},
   volume = {8},
   pages = {91},
   year = {2007},
   type = {Journal Article}
}

@article{gorgo11,
   author = {Gorgolewski, K. J. and Burns, C. D. and Madison, C. and Clark, D. and Halchenko, Y. O. and Waskom, M. L. and Ghosh, S. S.},
   title = {Nipype: a flexible, lightweight and extensible neuroimaging data processing framework in python},
   journal = {Front Neuroinform},
   volume = {5},
   pages = {13},
   year = {2011},
   type = {Journal Article}
}

@article{biswaldiscovery,
   author = {Biswal, B. B. and Mennes, M. and Zuo, X. N. and Gohel, S. and Kelly, C. et al.},
   title = {Toward discovery science of human brain function},
   journal = {Proc Natl Acad Sci U S A},
   volume = {107},
   number = {10},
   pages = {4734-9},
   year = {2010},
   type = {Journal Article}
}

@article{frackowiak2015future,
  title={The future of human cerebral cartography: a novel approach},
  author={Frackowiak, R. and Markram, H.},
  journal={Philos Trans R Soc Lond B Biol Sci},
  volume={370},
  number={1668},
  year={2015},
  publisher={The Royal Society}
}

@article{schwartz2013mapping,
  title={Mapping cognitive ontologies to and from the brain},
  author={Schwartz, Y. and Thirion, B. and Varoquaux, G.},
  journal={NIPS},
  year={2013}
}

@article{need2010gwas,
  title={Whole genome association studies in complex diseases: where do we stand?},
  author={Need, A. C. and Goldstein, D. B.},
  journal={Dialogues in Clinical Neuroscience},
  volume={12},
  number={1},
  pages={37},
  year={2010},
  publisher={Les Laboratoires Servier}
}

@article{visser10,
   author = {Visser, M. and Jefferies, E. and Lambon Ralph, M. A.},
   title = {Semantic processing in the anterior temporal lobes: a meta-analysis of the functional neuroimaging literature},
   journal = {J Cogn Neurosci},
   volume = {22},
   number = {6},
   pages = {1083-94},
   year = {2010},
   type = {Journal Article}
}

@article{poldrack2014data,
  title={Making big data open: data sharing in neuroimaging},
  author={Poldrack, R. A. and Gorgolewski, K. J.},
  journal={Nat Neurosci},
  volume={17},
  number={11},
  pages={1510-1517},
  year={2014},
  publisher={Nature Publishing Group}
}

@article{gustav2011cost,
  title={Cost of disorders of the brain in Europe 2010},
  author={Gustavsson, A. and Svensson, M. and Jacobi, F. and Allgulander, C. and Alonso, J. and Beghi, E. and Dodel, R. and Ekman, M. and Faravelli, C. and Fratiglioni, L. and others},
  journal={Eur Neuropsychopharmacol},
  volume={21},
  number={10},
  pages={718-779},
  year={2011},
  publisher={Elsevier}
}

@article{fristen1997imaging,
  title={Imaging cognitive anatomy},
  author={Fristen, Karl J},
  journal={Trends in cognitive sciences},
  volume={1},
  number={1},
  pages={21--27},
  year={1997},
  publisher={Elsevier}
}

@article{zilles2009receptor,
  title={Receptor mapping: architecture of the human cerebral cortex},
  author={Zilles, Karl and Amunts, Katrin},
  journal={Current opinion in neurology},
  volume={22},
  number={4},
  pages={331--339},
  year={2009},
  publisher={LWW}
}

@article{amunts2013bigbrain,
  title={BigBrain: an ultrahigh-resolution 3D human brain model},
  author={Amunts, K. and Lepage, C. and Borgeat, L. and Mohlberg, H. and Dickscheid, T. and Rousseau, M. E. and Bludau, S. and Bazin, P. L. and Lewis, L. B. and Oros-Peusquens, A. M. and others},
  journal={Science},
  volume={340},
  number={6139},
  pages={1472-1475},
  year={2013},
  publisher={American Association for the Advancement of Science}
}

@article{smith2013resting,
  title={Resting-state fMRI in the human connectome project},
  author={Smith, S. M. and Beckmann, C. F. and Andersson, J. and Auerbach, E. J. and Bijsterbosch, J. and Douaud, G. and Duff, E. and Feinberg, D. A. and Griffanti, L. and Harms, M. P. and others},
  journal={Neuroimage},
  volume={80},
  pages={144-168},
  year={2013},
  publisher={Elsevier}
}

@article{dehaene2007cultural,
  title={Cultural recycling of cortical maps},
  author={Dehaene, S. and Cohen, L.},
  journal={Neuron},
  volume={56},
  number={2},
  pages={384-398},
  year={2007},
  publisher={Elsevier}
}

@article{anderson2010neural,
  title={Neural reuse: A fundamental organizational principle of the brain},
  author={Anderson, M. L.},
  journal={Behav Brain Sci},
  volume={33},
  number={04},
  pages={245-266},
  year={2010},
  publisher={Cambridge Univ Press}
}

@article{virilio1997open,
  title={Open Sky},
  author={Virilio, P.},
  journal={London and New York: Verso},
  year={1997}
}

@inproceedings{bengio2014deep,
  title={Deep learning and cultural evolution},
  author={Bengio, Y.},
  booktitle={Proceedings of the 2014 conference companion on genetic and evolutionary computation companion},
  pages={1-2},
  year={2014},
  organization={ACM}
}

@book{luhmann1984soziale,
  title={Soziale Systeme},
  author={Luhmann, N.},
  year={1984},
  publisher={Suhrkamp Frankfurt am Main}
}

@book{vygotsky1978mind,
  title={Mind in society: The development of higher mental process},
  author={Vygotsky, L. S.},
  year={1978},
  publisher={Cambridge, MA: Harvard University Press}
}

@book{bostrom2013anthropic,
  title={Anthropic bias: Observation selection effects in science and philosophy},
  author={Bostrom, N.},
  year={2013},
  publisher={Routledge}
}

@article{carruthers09,
   author = {Carruthers, P.},
   title = {How we know our own minds: The relationship between mindreading and metacognition},
   journal = {Behav Brain Sci},
   volume = {32},
   number = {2},
   pages = {1-62},
   year = {2009},
   type = {Journal Article}
}

@article{dehaene2007few,
  title={A few steps toward a science of mental life},
  author={Dehaene, S.},
  journal={Mind, Brain, and Education},
  volume={1},
  number={1},
  pages={28-47},
  year={2007},
  publisher={Wiley Online Library}
}

@article{kimball1957errors,
  title={Errors of the third kind in statistical consulting},
  author={Kimball, A. W.},
  journal={JASA},
  volume={52},
  number={278},
  pages={133-142},
  year={1957},
  publisher={Taylor & Francis}
}

@article{poldrack11,
   author = {Poldrack, R. A.},
   title = {Inferring mental states from neuroimaging data: from reverse inference to large-scale decoding},
   journal = {Neuron},
   volume = {72},
   number = {5},
   pages = {692-7},
   year = {2011},
   type = {Journal Article}
}

@book{watzlawick1967pragmatics,
  title={Pragmatics of Human Communication: A study of international patterns, pathologies, and paradoxes},
  author={Watzlawick, P. and Beavin, J. H. and Jackson, D. A.},
  year={1967},
  publisher={Norton}
}

@article{helmstaedter2013connectomic,
  title={Connectomic reconstruction of the inner plexiform layer in the mouse retina},
  author={Helmstaedter, M. and Briggman, K. L. and Turaga, S. C. and Jain, V. and Seung, H. S. and Denk, W.},
  journal={Nature},
  volume={500},
  number={7461},
  pages={168-174},
  year={2013},
  publisher={Nature Publishing Group}
}

@article{sandberg2008whole,
  title={Whole Brain Emulation},
  author={Sandberg, A. and Bostrom, N.},
  year={2008},
  publisher={Citeseer}
}

@article{bengio2013representation,
  title={Representation learning: A review and new perspectives},
  author={Bengio, Y. and Courville, A. and Vincent, P.},
  journal={Pattern Analysis and Machine Intelligence, IEEE Transactions on},
  volume={35},
  number={8},
  pages={1798-1828},
  year={2013},
  publisher={IEEE}
}

@article{schmidhuber2015deep,
  title={Deep learning in neural networks: An overview},
  author={Schmidhuber, J.},
  journal={Neural Networks},
  volume={61},
  pages={85-117},
  year={2015},
  publisher={Elsevier}
}

@article{mairal2010online,
  title={Online learning for matrix factorization and sparse coding},
  author={Mairal, J. and Bach, F. and Ponce, J. and Sapiro, G.},
  journal={J Mach Learn Res},
  volume={11},
  pages={19-60},
  year={2010},
  publisher={JMLR.org}
}

@article{japkowicz2000nonlinear,
  title={Nonlinear autoassociation is not equivalent to PCA},
  author={Japkowicz, N. and Hanson, S. J. and Gluck, M.},
  journal={Neural Comput},
  volume={12},
  number={3},
  pages={531-545},
  year={2000},
  publisher={MIT Press}
}

@article{bourlard1988auto,
  title={Auto-association by multilayer perceptrons and singular value decomposition},
  author={Bourlard, H. and Kamp, Y.},
  journal={Biological cybernetics},
  volume={59},
  number={4-5},
  pages={291-294},
  year={1988},
  publisher={Springer}
}

@article{kingma2013auto,
  title={Auto-encoding variational bayes},
  author={Kingma, D. P. and Welling, M.},
  journal={arXiv preprint arXiv:1312.6114},
  year={2013}
}

@inproceedings{kingma2014semi,
  title={Semi-supervised learning with deep generative models},
  author={Kingma, D. P. and Mohamed, S. and Rezende, D. J. and Welling, M.},
  booktitle={NIPS},
  pages={3581-3589},
  year={2014}
}

@article{zhu2006semi,
  title={Semi-supervised learning literature survey},
  author={Zhu, X.},
  year={2006},
  publisher={Citeseer}
}

@techreport{seeger2000learning,
  title={Learning with labeled and unlabeled data},
  author={Seeger, M.},
  year={2000}
}

@article{cheung2014discovering,
  title={Discovering Hidden Factors of Variation in Deep Networks},
  author={Cheung, B. and Livezey, J. A. and Bansal, A. K. and Olshausen, B. A.},
  journal={arXiv preprint arXiv:1412.6583},
  year={2014}
}

@inproceedings{mairal2009supervised,
  title={Supervised dictionary learning},
  author={Mairal, J. and Ponce, J. and Sapiro, G. and Zisserman, A. and Bach, F.},
  booktitle={NIPS},
  pages={1033-1040},
  year={2009}
}

@article{zou2005regularization,
  title={Regularization and variable selection via the elastic net},
  author={Zou, H. and Hastie, T.},
  journal={J R Stat Soc: Series B},
  volume={67},
  number={2},
  pages={301-320},
  year={2005},
  publisher={Wiley Online Library}
}

@article{kanwisher1997fusiform,
  title={The fusiform face area: a module in human extrastriate cortex specialized for face perception},
  author={Kanwisher, N. and McDermott, J. and Chun, M. M.},
  journal={J Neurosci},
  volume={17},
  number={11},
  pages={4302-4311},
  year={1997},
  publisher={Soc Neuroscience}
}

@article{gauthier1999activation,
  title={Activation of the middle fusiform 'face area' increases with expertise in recognizing novel objects},
  author={Gauthier, I. and Tarr, M. J. and Anderson, A. W. and Skudlarski, P. and Gore, J. C.},
  journal={Nat Neurosci},
  volume={2},
  number={6},
  pages={568-573},
  year={1999},
  publisher={Nature Publishing Group}
}

@article{van2011dissociation,
  title={A dissociation between social mentalizing and general reasoning},
  author={Van Overwalle, F.},
  journal={Neuroimage},
  volume={54},
  number={2},
  pages={1589-1599},
  year={2011},
  publisher={Elsevier}
}

@article{varela2001brainweb,
  title={The brainweb: phase synchronization and large-scale integration},
  author={Varela, F. and Lachaux, J. P. and Rodriguez, E. and Martinerie, J.},
  journal={Nat Rev Neurosci},
  volume={2},
  number={4},
  pages={229-239},
  year={2001},
  publisher={Nature Publishing Group}
}

@article{pessoa08,
   author = {Pessoa, L.},
   title = {On the relationship between emotion and cognition},
   journal = {Nat Rev Neurosci},
   volume = {9},
   number = {2},
   pages = {148-58},
   year = {2008},
   type = {Journal Article}
}

@article{engel2001temporal,
  title={Temporal binding and the neural correlates of sensory awareness},
  author={Engel, A. K. and Singer, W.},
  journal={Trends Cogn Sci},
  volume={5},
  number={1},
  pages={16-25},
  year={2001},
  publisher={Elsevier}
}

@article{singer1999neurobiology,
  title={Neurobiology: Striving for coherence},
  author={Singer, W.},
  journal={Nature},
  volume={397},
  number={6718},
  pages={391-393},
  year={1999},
  publisher={Nature Publishing Group}
}

@article{buzsaki2013scaling,
  title={Scaling brain size, keeping timing: evolutionary preservation of brain rhythms},
  author={Buzs\'aki, G. and Logothetis, N. and Singer, W.},
  journal={Neuron},
  volume={80},
  number={3},
  pages={751-764},
  year={2013},
  publisher={Elsevier}
}

@book{buzsaki2006rhythms,
  title={Rhythms of the Brain},
  author={Buzs\'aki, G.},
  year={2006},
  publisher={Oxford University Press}
}

@article{hubel1962receptive,
  title={Receptive fields, binocular interaction and functional architecture in the cat's visual cortex},
  author={Hubel, D. H. and Wiesel, T. N.},
  journal={The Journal of Physiology},
  volume={160},
  number={1},
  pages={106},
  year={1962},
  publisher={Blackwell Publishing}
}

@article{hubel1965receptive,
  title={Receptive fields and functional architecture in two nonstriate visual areas (18 and 19) of the cat},
  author={Hubel, D. H. and Wiesel, T. N.},
  journal={J Neurophysiol},
  volume={28},
  number={2},
  pages={229-289},
  year={1965},
  publisher={Am Physiological Soc}
}

@article{zhang12,
   author = {Zhang, S. and Li, C.},
   title = {Functional connectivity mapping of the human precuneus by resting state fMRI},
   journal = {Neuroimage},
   volume = {59},
   number = {4},
   pages = {3548-3562},
   year = {2012},
   type = {Journal Article}
}

@article{jbabdi13,
   author = {Jbabdi, S. and Behrens, T. E.},
   title = {Long-range connectomics},
   journal = {Ann N Y Acad Sci},
   volume = {1305},
   pages = {83-93},
   year = {2013},
   type = {Journal Article}
}

@article{kelly2012convergent,
  title={A convergent functional architecture of the insula emerges across imaging modalities},
  author={Kelly, C. and Toro, R. and Di Martino, A. and Cox, C. L.and Bellec, P. and Castellanos, F. X. and Milham, M. P.},
  journal={Neuroimage},
  volume={61},
  number={4},
  pages={1129-1142},
  year={2012},
  publisher={Elsevier}
}

@article{cauda10,
   author = {Cauda, F. and Geminiani, G. and D'Agata, F. and Sacco, K. and Duca, S. and Bagshaw, A. P. and Cavanna, A. E.},
   title = {Functional connectivity of the posteromedial cortex},
   journal = {PLoS One},
   volume = {5},
   number = {9},
   year = {2010},
   type = {Journal Article}
}

@article{passingham2002,
   author = {Passingham, R. E. and Stephan, K. E. and Kotter, R.},
   title = {The anatomical basis of functional localization in the cortex},
   journal = {Nat Rev Neurosci},
   volume = {3},
   number = {8},
   pages = {606-16},
   year = {2002},
   type = {Journal Article}
}

@article{mar11,
   author = {Mar, R. A.},
   title = {The neural bases of social cognition and story comprehension},
   journal = {Annu Rev Psychol},
   volume = {62},
   pages = {103-34},
   year = {2011},
   type = {Journal Article}
}

@article{binder09,
   author = {Binder, J. R. and Desai, R. H. and Graves, W. W. and Conant, L. L.},
   title = {Where is the semantic system? A critical review and meta-analysis of 120 functional neuroimaging studies},
   journal = {Cereb Cortex},
   volume = {19},
   number = {12},
   pages = {2767-96},
   year = {2009},
   type = {Journal Article}
}

@article{maddock99,
   author = {Maddock, R. J.},
   title = {The retrosplenial cortex and emotion: new insights from functional neuroimaging of the human brain},
   journal = {Trends Neurosci},
   volume = {22},
   number = {7},
   pages = {310-6},
   year = {1999},
   type = {Journal Article}
}

@article{andrews10,
   author = {Andrews-Hanna, J. R. and Reidler, J. S. and Sepulcre, J. and Poulin, R. and Buckner, R. L.},
   title = {Functional-anatomic fractionation of the brain's default network},
   journal = {Neuron},
   volume = {65},
   number = {4},
   pages = {550-62},
   year = {2010},
   type = {Journal Article}
}

@article{dehaene03,
   author = {Dehaene, S. and Piazza, M. and Pinel, P. and Cohen, L.},
   title = {Three parietal circuits for number processing},
   journal = {Cogn Neuropsychol},
   volume = {20},
   number = {3},
   pages = {487-506},
   year = {2003},
   type = {Journal Article}
}

@article{amodio06,
   author = {Amodio, D. M. and Frith, C. D.},
   title = {Meeting of minds: the medial frontal cortex and social cognition},
   journal = {Nat Rev Neurosci},
   volume = {7},
   number = {4},
   pages = {268-77},
   year = {2006},
   type = {Journal Article}
}

@article{gilbert10,
   author = {Gilbert, S. J. and Henson, R. N. and Simons, J. S.},
   title = {The Scale of Functional Specialization within Human Prefrontal Cortex},
   journal = {J Neurosci},
   volume = {30},
   number = {4},
   pages = {1233-7},
   year = {2010},
   type = {Journal Article}
}

@article{cavanna06,
   author = {Cavanna, A. E. and Trimble, M. R.},
   title = {The precuneus: a review of its functional anatomy and behavioural correlates},
   journal = {Brain},
   volume = {129},
   number = {Pt 3},
   pages = {564-83},
   year = {2006},
   type = {Journal Article}
}

@article{leech14,
   author = {Leech, R. and Sharp, D. J.},
   title = {The role of the posterior cingulate cortex in cognition and disease},
   journal = {Brain},
   volume = {137},
   number = {Pt 1},
   pages = {12-32},
   year = {2014},
   type = {Journal Article}
}

@article{pearson09,
   author = {Pearson, J. M. and Hayden, B. Y. and Raghavachari, S. and Platt, M. L.},
   title = {Neurons in posterior cingulate cortex signal exploratory decisions in a dynamic multioption choice task},
   journal = {Curr Biol},
   volume = {19},
   number = {18},
   pages = {1532-7},
   year = {2009},
   type = {Journal Article}
}

@article{gitelman99,
   author = {Gitelman, D. R. and Nobre, A. C. and Parrish, T. B. and LaBar, K. S. and Kim, Y. H. and Meyer, J. R. and Mesulam, M.},
   title = {A large-scale distributed network for covert spatial attention: further anatomical delineation based on stringent behavioural and cognitive controls},
   journal = {Brain},
   volume = {122 ( Pt 6)},
   pages = {1093-106},
   year = {1999},
   type = {Journal Article}
}

@article{mars12tpj,
   author = {Mars, R. B. and Sallet, J. and Schuffelgen, U. and Jbabdi, S. and Toni, I. and Rushworth, M. F.},
   title = {Connectivity-Based Subdivisions of the Human Right "Temporoparietal Junction Area": Evidence for Different Areas Participating in Different Cortical Networks},
   journal = {Cereb Cortex},
   volume = {22},
   number = {8},
   pages = {1894-1903},
   year = {2012},
   type = {Journal Article}
}

@article{goodkind2015identification,
  title={Identification of a common neurobiological substrate for mental illness},
  author={Goodkind, M. and Eickhoff, S. B. and Oathes, D. J. and Jiang, Y. and Chang, A. and Jones-Hagata, L. B. and Ortega, B. N. and Zaiko, Y. V. and Roach, E. L. and Korgaonkar, M. S. and others},
  journal={JAMA Psychiatry},
  volume={72},
  number={4},
  pages={305-315},
  year={2015},
  publisher={American Medical Association}
}

@article{vogt06cyto,
   author = {Vogt, B. A. and Vogt, L. and Laureys, S.},
   title = {Cytology and functionally correlated circuits of human posterior cingulate areas},
   journal = {Neuroimage},
   volume = {29},
   number = {2},
   pages = {452-66},
   year = {2006},
   type = {Journal Article}
}

@article{kobayashi03,
   author = {Kobayashi, Y. and Amaral, D. G.},
   title = {Macaque monkey retrosplenial cortex: II. Cortical afferents},
   journal = {J Comp Neurol},
   volume = {466},
   number = {1},
   pages = {48-79},
   year = {2003},
   type = {Journal Article}
}

@article{kobayashi07,
   author = {Kobayashi, Y. and Amaral, D. G.},
   title = {Macaque monkey retrosplenial cortex: III. Cortical efferents},
   journal = {J Comp Neurol},
   volume = {502},
   number = {5},
   pages = {810-33},
   year = {2007},
   type = {Journal Article}
}

@article{bzdok12modular,
   author = {Bzdok, D. and Langner, R. and Hoffstaedter, F. and Turetsky, B. I. and Zilles, K. and Eickhoff, S. B.},
   title = {The modular neuroarchitecture of social judgments on faces},
   journal = {Cereb Cortex},
   volume = {22},
   number = {4},
   pages = {951-61},
   year = {2012},
   type = {Journal Article}
}

@article{hensel15,
   author = {Hensel, L. and Bzdok, D. and M\"uller, V. I. and Zilles, K. and Eickhoff, S. B.},
   title = {Neural correlates of explicit social judgments on vocal stimuli},
   journal = {Cerebral Cortex},
   year = {2015},
   type = {Journal Article}
}

@article{schep08,
   author = {Scheperjans, F. and Hermann, K. and Eickhoff, S. B. and Amunts, K. and Schleicher, A. and Zilles, K.},
   title = {Observer-independent cytoarchitectonic mapping of the human superior parietal cortex},
   journal = {Cereb Cortex},
   volume = {18},
   number = {4},
   pages = {846-67},
   year = {2008},
   type = {Journal Article}
}

@article{lashley1951functional,
  title={Functional interpretation of anatomic patterns.},
  author={Lashley, K. S.},
  journal={Research publications-Association for Research in Nervous and Mental Disease},
  volume={30},
  pages={529-547},
  year={1951}
}

@article{kanwisher2010functional,
  title={Functional specificity in the human brain: a window into the functional architecture of the mind},
  author={Kanwisher, N.},
  journal={Proceedings of the National Academy of Sciences},
  volume={107},
  number={25},
  pages={11163--11170},
  year={2010},
  publisher={National Acad Sciences}
}

@article{zilles10nn,
   author = {Zilles, K. and Amunts, K.},
   title = {Centenary of Brodmann's map--conception and fate},
   journal = {Nat Rev Neurosci},
   volume = {11},
   number = {2},
   pages = {139-45},
   year = {2010},
   type = {Journal Article}
}

@article{franz17,
   author = {Franz, S. I. and Lashley, K. S.},
   title = {The retention of habits by the rat after destruction of the frontal parts of the cerebrum.},
   journal = {Psycholobiology},
   volume = {1},
   pages = {3-18},
   year = {1917},
   type = {Journal Article}
}

@book{pearl2009causality,
  title={Causality},
  author={Pearl, J.},
  year={2009},
  publisher={Cambridge university press}
}

@article{price10,
   author = {Price, C. J.},
   title = {The anatomy of language: a review of 100 fMRI studies published in 2009},
   journal = {Ann N Y Acad Sci},
   volume = {1191},
   pages = {62-88},
   year = {2010},
   type = {Journal Article}
}

@article{stephan2003lateralized,
  title={Lateralized cognitive processes and lateralized task control in the human brain},
  author={Stephan, K. E. and Marshall, J. C. and Friston, K. J. and Rowe, J. B. and Ritzl, A. and Zilles, K. and Fink, G. R.},
  journal={Science},
  volume={301},
  number={5631},
  pages={384-386},
  year={2003},
  publisher={American Association for the Advancement of Science}
}

@article{corbetta2002control,
  title={Control of goal-directed and stimulus-driven attention in the brain},
  author={Corbetta, M. and Shulman, G. L.},
  journal={Nat Rev Neurosci},
  volume={3},
  number={3},
  pages={201-215},
  year={2002},
  publisher={Nature Publishing Group}
}

@article{dronkers2004lesion,
  title={Lesion analysis of the brain areas involved in language comprehension},
  author={Dronkers, N. F. and Wilkins, D. P. and Van Valin, R. D. and Redfern, B. B. and Jaeger, J. J.},
  journal={Cognition},
  volume={92},
  number={1},
  pages={145-177},
  year={2004},
  publisher={Elsevier}
}

@article{mitchell2008predicting,
  title={Predicting human brain activity associated with the meanings of nouns},
  author={Mitchell, T. M. and Shinkareva, S. V. and Carlson, A. and Chang, K. M. and Malave, V. L. and Mason, R. A. and Just, M. A.},
  journal={Science},
  volume={320},
  number={5880},
  pages={1191-1195},
  year={2008},
  publisher={American Association for the Advancement of Science}
}

@article{van2009social,
  title={Social cognition and the brain: a meta-analysis},
  author={Van Overwalle, F.},
  journal={Human Brain Mapp},
  volume={30},
  number={3},
  pages={829-858},
  year={2009},
  publisher={Wiley Online Library}
}

@article{ng2003discriminative,
  title={On Discriminative vs},
  author={Ng, A. Y. and Jordan, M. I.},
  journal={Generative Classifiers: A Comparison of Logistic Regression and Na{\"\i}ve Bayes, NIPS},
  volume={15},
  year={2003}
}

@article{bishop2007generative,
  title={Generative or discriminative? getting the best of both worlds},
  author={Bishop, C. M. and Lasserre, J.},
  journal={Bayesian Statistics},
  volume={8},
  pages={3-24},
  year={2007},
  publisher={Oxford University Press, London}
}

@book{brodmann1909vergleichende,
  title={Vergleichende Lokalisationslehre der Groshirnrinde},
  author={Brodmann, K.},
  journal={Leipzig: Barth},
  year={1909}
}

@book{vogt1919allgemeine,
  title={Allgemeine Ergebnisse unserer Hirnforschung},
  author={Vogt, C. and Vogt, O.},
  volume={21},
  year={1919},
  publisher={JA Barth}
}

@article{felleman91,
   author = {Felleman, D. J. and Van Essen, D. C.},
   title = {Distributed hierarchical processing in the primate cerebral cortex},
   journal = {Cereb Cortex},
   volume = {1},
   number = {1},
   pages = {1-47},
   year = {1991},
   type = {Journal Article}
}

@article{zou2005regularization,
  title={Regularization and variable selection via the elastic net},
  author={Zou, H. and Hastie, T.},
  journal={J R Stat Soc: Series B},
  volume={67},
  number={2},
  pages={301-320},
  year={2005},
  publisher={Wiley Online Library}
}

@article{langner12meta,
   author = {Langner, R. and Eickhoff, S.},
   title = {A meta-analytic review of the neural mechanisms of vigilant attention.},
   journal = {Psychol Bull},
   pages = {in press},
   year = {2012},
   type = {Journal Article}
}

@article{bzdok12moral,
   author = {Bzdok, D. and Schilbach, L. and Vogeley, K. and Schneider, K. and Laird, A. R. and Langner, R. and Eickhoff, S. B.},
   title = {Parsing the neural correlates of moral cognition: ALE meta-analysis on morality, theory of mind, and empathy},
   journal = {Brain Struct Funct},
   volume = {217},
   number = {4},
   pages = {783-796},
   year = {2012},
   type = {Journal Article}
}

@article{jakob12,
   author = {Jakobs, O. and Langner, R. and Caspers, S. and Roski, C. and Cieslik, E. C. and Zilles, K. and Laird, A. R. and Fox, P. T. and Eickhoff, S. B.},
   title = {Across-study and within-subject functional connectivity of a right temporo-parietal junction subregion involved in stimulus-context integration},
   journal = {Neuroimage},
   volume = {60},
   number = {4},
   pages = {2389-2398},
   year = {2012},
   type = {Journal Article}
}

@article{zhao2009composite,
  title={The composite absolute penalties family for grouped and hierarchical variable selection},
  author={Zhao, Peng and Rocha, Guilherme and Yu, Bin},
  journal={The Annals of Statistics},
  pages={3468--3497},
  year={2009},
  publisher={JSTOR}
}

@article{yuan2006model,
  title={Model selection and estimation in regression with grouped variables},
  author={Yuan, M. and Lin, Y.},
  journal={Journal of the Royal Statistical Society: Series B (Statistical Methodology)},
  volume={68},
  number={1},
  pages={49--67},
  year={2006},
  publisher={Wiley Online Library}
}

@article{huang2011learning,
  title={Learning with structured sparsity},
  author={Huang, J. and Zhang, T. and Metaxas, D.},
  journal={J Mach Learn Res},
  volume={12},
  pages={3371-3412},
  year={2011},
  publisher={JMLR.org}
}

@article{damoiseaux06,
   author = {Damoiseaux, J. S. and Rombouts, S. A. and Barkhof, F. and Scheltens, P. and Stam, C. J. and Smith, S. M. and Beckmann, C. F.},
   title = {Consistent resting-state networks across healthy subjects},
   journal = {Proc Natl Acad Sci U S A},
   volume = {103},
   number = {37},
   pages = {13848-53},
   year = {2006},
   type = {Journal Article}
}

@article{clan,
   author = {Krienen, F. M. and Tu, P. C. and Buckner, R. L.},
   title = {Clan mentality: evidence that the medial prefrontal cortex responds to close others},
   journal = {J Neurosci},
   volume = {30},
   number = {41},
   pages = {13906-15},
   year = {2010},
   type = {Journal Article}
}

@article{eickhoff09,
   author = {Eickhoff, S. B. and Laird, A. R. and Grefkes, C. and Wang, L. E. and Zilles, K. and Fox, P. T.},
   title = {Coordinate-Based Activation Likelihood Estimation Meta-Analysis of Neuroimaging Data: A Random-Effects Approach Based on Empirical Estimates of Spatial Uncertainty},
   journal = {Hum Brain Mapp.},
   volume = {30},
   number = {9},
   pages = {2907-2926},
   year = {2009},
   type = {Journal Article}
}

@article{stephan_dys,
   author = {Stephan, K. E. and Friston, K. J. and Frith, C. D.},
   title = {Dysconnection in schizophrenia: from abnormal synaptic plasticity to failures of self-monitoring},
   journal = {Schizophr Bull},
   volume = {35},
   number = {3},
   pages = {509-27},
   year = {2009},
   type = {Journal Article}
}

@article{buckner2013opportunities,
  title={Opportunities and limitations of intrinsic functional connectivity MRI},
  author={Buckner, R. L. and Krienen, F. M. and Yeo, B. T. T.},
  journal={Nature neuroscience},
  volume={16},
  number={7},
  pages={832--837},
  year={2013},
  publisher={Nature Publishing Group}
}

@article{yeo11,
   author = {Yeo, B. T. and Krienen, F. M. and Sepulcre, J. and Sabuncu, M. R. and Lashkari, D. and Hollinshead, M. and Roffman, J. L. and Smoller, J. W. and Zollei, L. and Polimeni, J. R. and Fischl, B. and Liu, H. and Buckner, R. L.},
   title = {The organization of the human cerebral cortex estimated by intrinsic functional connectivity},
   journal = {J Neurophysiol},
   volume = {106},
   number = {3},
   pages = {1125-65},
   year = {2011},
   type = {Journal Article}
}

@article{yeo14special,
   author = {Yeo, B. T. and Krienen, F. M. and Eickhoff, S. B. and Yaakub, S. N. and Fox, P. T. and Buckner, R. L. and Asplund, C. L. and Chee, M. W.},
   title = {Functional Specialization and Flexibility in Human Association Cortex},
   journal = {Cereb Cortex},
   year = {2014},
   type = {Journal Article}
}

@article{bado2014functional,
  title={Functional dissociation of ventral frontal and dorsomedial default mode network components during resting state and emotional autobiographical recall},
  author={Bado, P. and Engel, A. and Oliveira-Souza, R. and Bramati, I. E. and Paiva, F. F. and Basilio, R. and Sato, J. R. and Tovar-Moll, F. and Moll, J.},
  journal={Human Brain Mapp},
  volume={35},
  number={7},
  pages={3302-3313},
  year={2014},
  publisher={Wiley Online Library}
}

@article{dark,
   author = {Zhang, D. and Raichle, M. E.},
   title = {Disease and the brain's dark energy},
   journal = {Nat Rev Neurol},
   volume = {6},
   number = {1},
   pages = {15-28},
   year = {2010},
   type = {Journal Article}
}

@article{simon2013sparse,
  title={A sparse-group lasso},
  author={Simon, N. and Friedman, J. and Hastie, T. and Tibshirani, R.},
  journal={J Comp Graph Stat},
  volume={22},
  number={2},
  pages={231-245},
  year={2013},
  publisher={Taylor & Francis Group}
}

@inproceedings{ng2004feature,
  title={Feature selection, L1 vs. L2 regularization, and rotational invariance},
  author={Ng, A. Y.},
  booktitle={Proceedings of the twenty-first international conference on Machine learning},
  pages={78},
  year={2004},
  organization={ACM}
}

@article{recht2010guaranteed,
  title={Guaranteed minimum-rank solutions of linear matrix equations via nuclear norm minimization},
  author={Recht, B. and Fazel, M. and Parrilo, P. A.},
  journal={SIAM Review},
  volume={52},
  number={3},
  pages={471-501},
  year={2010},
  publisher={SIAM}
}

@article{bach2008consistency,
  title={Consistency of trace norm minimization},
  author={Bach, F.},
  journal={J Mach Learn Res},
  volume={9},
  pages={1019-1048},
  year={2008},
  publisher={JMLR.org}
}

@inproceedings{harzallah2009combining,
  title={Combining efficient object localization and image classification},
  author={Harzallah, H. and Jurie, F. and Schmid, C.},
  booktitle={Computer Vision, 2009 IEEE 12th International Conference on},
  pages={237--244},
  year={2009},
  organization={IEEE}
}

@article{kim2012tree,
  title={Tree-guided group lasso for multi-response regression with structured sparsity, with an application to eQTL mapping},
  author={Kim, S. and Xing, E. P.},
  journal={The Annals of Applied Statistics},
  volume={6},
  number={3},
  pages={1095--1117},
  year={2012},
  publisher={Institute of Mathematical Statistics}
}

@article{rapaport2008classification,
  title={Classification of arrayCGH data using fused SVM},
  author={Rapaport, Franck and Barillot, Emmanuel and Vert, Jean-Philippe},
  journal={Bioinformatics},
  volume={24},
  number={13},
  pages={i375--i382},
  year={2008},
  publisher={Oxford Univ Press}
}

@article{saygin2012,
   author = {Saygin, Z. M. and Osher, D. E. and Koldewyn, K. and Reynolds, G. and Gabrieli, J. D. and Saxe, R. R.},
   title = {Anatomical connectivity patterns predict face selectivity in the fusiform gyrus},
   journal = {Nat Neurosci},
   volume = {15},
   number = {2},
   pages = {321-7},
   year = {2012},
   type = {Journal Article}
}

@article{jenatton2011structured,
  title={Structured variable selection with sparsity-inducing norms},
  author={Jenatton, Rodolphe and Audibert, Jean-Yves and Bach, Francis},
  journal={The Journal of Machine Learning Research},
  volume={12},
  pages={2777--2824},
  year={2011},
  publisher={JMLR. org}
}

@inproceedings{morales2010family,
  title={A family of penalty functions for structured sparsity},
  author={Morales, Jean and Micchelli, Charles A and Pontil, Massimiliano},
  booktitle={Advances in Neural Information Processing Systems},
  pages={1612--1623},
  year={2010}
}

@article{varoquaux2012small,
  title={Small-sample brain mapping: sparse recovery on spatially correlated designs with randomization and clustering},
  author={Varoquaux, G. and Gramfort, A. and Thirion, B.},
  journal={arXiv preprint arXiv:1206.6447},
  year={2012}
}

@article{jenatton2012multi,
  title={Multi-scale Mining of fMRI data with hierarchical structured sparsity},
  author={Jenatton, R. and Gramfort, A. and Michel, V. and Obozinski, G. and Bach, F. and Thirion, B.},
  journal={SIAM Journal on Imaging Sciences, Society for Industrial and Applied Mathematics},
  pages={835-856},
  volume={5},
  number={3},
  year={2012},
  organization={IEEE}
}

@article{bach2012optimization,
  title={Optimization with sparsity-inducing penalties},
  author={Bach, F. and Jenatton, R. and Mairal, J. and Obozinski, G.},
  journal={Foundations and Trends{\textregistered} in Machine Learning},
  volume={4},
  number={1},
  pages={1--106},
  year={2012},
  publisher={Now Publishers Inc.}
}

@article{mishra2013low,
  title={Low-rank optimization with trace norm penalty},
  author={Mishra, B. and Meyer, G. and Bach, F. and Sepulchre, R.},
  journal={SIAM Journal on Optimization},
  volume={23},
  number={4},
  pages={2124-2149},
  year={2013},
  publisher={SIAM}
}

@book{boyd2004convex,
  title={Convex Optimization},
  author={Boyd, S. and Vandenberghe, L.},
  year={2004},
  publisher={Cambridge university press}
}

@article{bubeck2014theory,
  title={Theory of convex optimization for machine learning},
  author={Bubeck, S.},
  journal={arXiv preprint arXiv:1405.4980},
  year={2014}
}

@article{zhu2009introduction,
  title={Introduction to semi-supervised learning},
  author={Zhu, X. and Goldberg, A. B.},
  journal={Synthesis lectures on artificial intelligence and machine learning},
  volume={3},
  number={1},
  pages={1-130},
  year={2009},
  publisher={Morgan & Claypool Publishers}
}

@book{hertz1991introduction,
  title={Introduction to the theory of neural computation},
  author={Hertz, J. and Krogh, A. and Palmer, R. G.},
  volume={1},
  year={1991},
  publisher={Basic Books}
}

@article{caruana1997multitask,
  title={Multitask learning},
  author={Caruana, R.},
  journal={Machine learning},
  volume={28},
  number={1},
  pages={41-75},
  year={1997},
  publisher={Springer}
}

@article{bengio2009learning,
  title={Learning deep architectures for AI},
  author={Bengio, Y.},
  journal={Foundations and trends{\textregistered} in Machine Learning},
  volume={2},
  number={1},
  pages={1-127},
  year={2009},
  publisher={Now Publishers Inc.}
}

@article{neyman1928use,
  title={On the use and interpretation of certain test criteria for purposes of statistical inference: Part I},
  author={Neyman, J. and Pearson, E. S.},
  journal={Biometrika},
  pages={175-240},
  year={1928},
  publisher={JSTOR}
}

@article{mac2011big,
  title={Big data: The next frontier for innovation, competition, and productivity},
  author={Manyika, J. and Chui, M. and Brown, B. and Bughin, J. and Dobbs, R. and Roxburgh, C. and Byers, A. H.},
  year={2011}
}

@article{dayan1995helmholtz,
  title={The helmholtz machine},
  author={Dayan, P. and Hinton, G. E. and Neal, R. M. and Zemel, R. S.},
  journal={Neural Comput},
  volume={7},
  number={5},
  pages={889-904},
  year={1995},
  publisher={MIT Press}
}

@article{gregory1980perceptions,
  title={Perceptions as hypotheses},
  author={Gregory, R. L.},
  journal={Philos Trans R Soc Lond B Biol Sci},
  volume={290},
  number={1038},
  pages={181-197},
  year={1980},
  publisher={The Royal Society}
}

@article{brod09,
   author = {Brodersen, K. H.},
   title = {Decoding mental activity from neuroimaging data — the science behind mind-reading},
   journal = {The New Collection, Oxford},
   volume = {4},
   pages = {50-61},
   year = {2009},
   type = {Journal Article}
}

@article{brod11,
   author = {Brodersen, K. H. and Schofield, T. M. and Leff, A. P. and Ong, C. S. and Lomakina, E. I. and Buhmann, J. M. and Stephan, K. E.},
   title = {Generative embedding for model-based classification of fMRI data},
   journal = {PLoS Comput Biol},
   volume = {7},
   number = {6},
   pages = {e1002079},
   year = {2011},
   type = {Journal Article}
}

@article{mur09,
   author = {Mur, M. and Bandettini, P. A. and Kriegeskorte, N.},
   title = {Revealing representational content with pattern-information fMRI--an introductory guide},
   journal = {Soc Cogn Affect Neurosci},
   volume = {4},
   number = {1},
   pages = {101-9},
   year = {2009},
   type = {Journal Article}
}

@article{sl,
   author = {Kriegeskorte, N. and Goebel, R. and Bandettini, P.},
   title = {Information-based functional brain mapping},
   journal = {Proc Natl Acad Sci U S A},
   volume = {103},
   number = {10},
   pages = {3863-8},
   year = {2006},
   type = {Journal Article}
}

@book{bellman1961adaptive,
  title={Adaptive control processes: a guided tour},
  author={Bellman, R.},
  volume={4},
  year={1961},
  publisher={Princeton University Press}
}

@article{buzsaki2004neuronal,
  title={Neuronal oscillations in cortical networks},
  author={Buzs\'aki, G. and Draguhn, A.},
  journal={Science},
  volume={304},
  number={5679},
  pages={1926-1929},
  year={2004},
  publisher={American Association for the Advancement of Science}
}

@book{bertalanffy1968general,
  title={General system theory: Foundations, development, applications},
  author={von Bertalanffy, L.},
  year={1968},
  publisher={Braziller. New York}
}

@article{bar07,
   author = {Bar, M.},
   title = {The proactive brain: using analogies and associations to generate predictions},
   journal = {Trends Cogn Sci},
   volume = {11},
   number = {7},
   pages = {280-9},
   year = {2007},
   type = {Journal Article}
}

@book{whorf1956language,
  title={Language, Thought, and Reality.},
  author={Whorf, B. L.},
  year={1956},
  publisher={Technology Press of MIT}
}

@article{friston10energy,
   author = {Friston, K. J.},
   title = {The free-energy principle: a unified brain theory?},
   journal = {Nat Rev Neurosci},
   volume = {11},
   number = {2},
   pages = {127-38},
   year = {2010},
   type = {Journal Article}
}

@article{domingos2012few,
  title={A few useful things to know about machine learning},
  author={Domingos, P.},
  journal={Communications of the ACM},
  volume={55},
  number={10},
  pages={78-87},
  year={2012},
  publisher={ACM}
}

@article{daniel1971fitting,
  title={Fitting equations to data},
  author={Daniel, C. and Wood, F. S.},
  year={1971},
  publisher={John Wiley \& Sons}
}

@article{efron91,
author = {Efron, B. and Tibshirani, R.},
title = {Statistical Data Analysis in the Computer Age},
volume = {253},
number = {5018},
pages = {390-395},
year = {1991},
journal = {Science}
}

@book{efron2005modern,
  title={Modern science and the Bayesian-frequentist controversy},
  author={Efron, B.},
  year={2005},
  publisher={Division of Biostatistics, Stanford University}
}

@article{nuzzo14,
   author = {Nuzzo, R.},
   title = {Scientific method: statistical errors},
   journal = {Nature},
   volume = {506},
   number = {7487},
   pages = {150-2},
   year = {2014},
   type = {Journal Article}
}

@article{norvig2011chomsky,
  title={On Chomsky and the two cultures of statistical learning},
  author={Norvig, P.},
  journal={Author Homepage},
  year={2011}
}

@book{fisher1925statistical,
  title={Statistical methods for research workers},
  author={Fisher, R. A.},
  year={1925},
  publisher={Genesis Publishing Pvt Ltd}
}

@article{bengio1999markovian,
  title={Markovian models for sequential data},
  author={Bengio, Y.},
  journal={Neural Computing Surveys},
  volume={2},
  pages={129-162},
  year={1999}
}

@article{pan2010survey,
  title={A survey on transfer learning},
  author={Pan, S. J. and Yang, Q.},
  journal={Knowledge and Data Engineering, IEEE Transactions on},
  volume={22},
  number={10},
  pages={1345-1359},
  year={2010},
  publisher={IEEE}
}

@article{pietsch2013big,
  title={Big Data--The New Science of Complexity},
  author={Pietsch, W.},
  year={2013}
}

@article{lecun2015deep,
  title={Deep learning},
  author={LeCun, Y. and Bengio, Y. and Hinton, G.},
  journal={Nature},
  volume={521},
  number={7553},
  pages={436-444},
  year={2015},
  publisher={Nature Publishing Group}
}

@incollection{beyer1999nearest,
  title={When is “nearest neighbor” meaningful?},
  author={Beyer, K. and Goldstein, J. and Ramakrishnan, R. and Shaft, U.},
  booktitle={Database Theory—ICDT’99},
  pages={217-235},
  year={1999},
  publisher={Springer}
}

@book{russell2010intelligence,
  title={Intelligence artificielle: Avec plus de 500 exercices},
  author={Russell, S. and Norvig, P.},
  year={2010},
  publisher={Pearson Education France}
}

@article{friston1994statistical,
  title={Statistical parametric maps in functional imaging: a general linear approach},
  author={Friston, K. J. and Holmes, A. P. and Worsley, K. J. and Poline, J. P. and Frith, C. D. and Frackowiak, R. S. J.},
  journal={Hum Brain Mapp},
  volume={2},
  number={4},
  pages={189-210},
  year={1994},
  publisher={Wiley Subscription Services, Inc., A Wiley Company}
}

@article{cajal1909,
  title={Histologie du systeme nerveux de l\’homme et des vert\'ebr\'es},
  author={Ram\'on y Cajal, S.},
  journal={Maloine, Paris},
  pages={655-664},
  year={1909/1911}
}

@article{cohen1994earth,
  title={The earth is round},
  author={Cohen, J.},
  year={1994},
  pages={997-1003},
  publisher={American Psychologist}
}

@inproceedings{lawrence2004semi,
  title={Semi-supervised learning via Gaussian processes},
  author={Lawrence, N. D. and Jordan, M. I.},
  booktitle={NIPS},
  pages={753-760},
  year={2004}
}

@book{skinner1976behaviorism,
  title={About behaviorism},
  author={Skinner, B. F.},
  year={1976},
  publisher={Vintage}
}

@article{dehaene2007cultural,
  title={Cultural recycling of cortical maps},
  author={Dehaene, S. and Cohen, L.},
  journal={Neuron},
  volume={56},
  number={2},
  pages={384-398},
  year={2007},
  publisher={Elsevier}
}

@book{hastie2015statistical,
  title={Statistical Learning with Sparsity: The Lasso and Generalizations},
  author={Hastie, T. and Tibshirani, R. and Wainwright, M.},
  year={2015},
  publisher={CRC Press}
}

@article{carlson2003patterns,
  title={Patterns of activity in the categorical representations of objects},
  author={Carlson, T. and Schrater, P. R. and He, S.},
  journal={J Cognitive Neurosci},
  volume={15},
  number={5},
  pages={704-717},
  year={2003},
  publisher={MIT Press}
}

@article{friston1999revealing,
  title={Revealing interactions among brain systems with nonlinear PCA},
  author={Friston, K. J. and Phillips, J. and Chawla, D. and Buechel, C.},
  journal={Human Brain Mapp},
  volume={8},
  number={2-3},
  pages={92-97},
  year={1999}
}

@article{carlson2003patterns,
  title={Patterns of activity in the categorical representations of objects},
  author={Carlson, T. and Schrater, P. R. and He, S.},
  journal={J Cognitive Neurosci},
  volume={15},
  number={5},
  pages={704-717},
  year={2003},
  publisher={MIT Press}
}

@article{schilbach08,
   author = {Schilbach, L. and Eickhoff, S. B. and Rotarska-Jagiela, A. and Fink, G. R. and Vogeley, K.},
   title = {Minds at rest\? Social cognition as the default mode of cognizing and its putative relationship to the "default system" of the brain},
   journal = {Conscious Cogn},
   volume = {17},
   number = {2},
   pages = {457-67},
   year = {2008},
   type = {Journal Article}
}

@article{schilbach12,
   author = {Schilbach, L. and Bzdok, D. and Timmermans, B. and Fox, P. T. and Laird, A. R. and Vogeley, K. and Eickhoff, S. B.},
   title = {Introspective Minds: Using ALE Meta-Analyses to Study Commonalities in the Neural Correlates of Emotional Processing, Social & Unconstrained Cognition},
   journal = {PLoS One},
   volume = {7},
   number = {2},
   year = {2012},
   type = {Journal Article}
}

@article{timmermans12,
   author = {Timmermans, B. and Schilbach, L. and Pasquali, A. and Cleeremans, A.},
   title = {Higher order thoughts in action: consciousness as an unconscious re-description process},
   journal = {Philos Trans R Soc Lond B Biol Sci},
   volume = {367},
   number = {1594},
   pages = {1412-23},
   year = {2012},
   type = {Journal Article}
}

@article{vogt87,
   author = {Vogt, B. A. and Pandya, D. N. and Rosene, D. L.},
   title = {Cingulate cortex of the rhesus monkey: I. Cytoarchitecture and thalamic afferents},
   journal = {J Comp Neurol},
   volume = {262},
   number = {2},
   pages = {256-70},
   year = {1987},
   type = {Journal Article}
}

@article{margulies09,
   author = {Margulies, D. S. and Vincent, J. L. and Kelly, C. and Lohmann, G. and Uddin, L. Q. and Biswal, B. B. and Villringer, A. and Castellanos, F. X. and Milham, M. P. and Petrides, M.},
   title = {Precuneus shares intrinsic functional architecture in humans and monkeys},
   journal = {Proc Natl Acad Sci U S A},
   volume = {106},
   number = {47},
   pages = {20069-74},
   year = {2009},
   type = {Journal Article}
}

@article{parvizi06,
   author = {Parvizi, J. and Van Hoesen, G. W. and Buckwalter, J. and Damasio, A.},
   title = {Neural connections of the posteromedial cortex in the macaque},
   journal = {Proc Natl Acad Sci U S A},
   volume = {103},
   number = {5},
   pages = {1563-8},
   year = {2006},
   type = {Journal Article}
}

@article{heyes2014cultural,
  title={The cultural evolution of mind reading},
  author={Heyes, C. M. and Frith, C. D.},
  journal={Science},
  volume={344},
  number={6190},
  year={2014},
  publisher={American Association for the Advancement of Science}
}

@article{haxby2001distributed,
  title={Distributed and overlapping representations of faces and objects in ventral temporal cortex},
  author={Haxby, J. V. and Gobbini, M. I. and Furey, M. L. and Ishai, A. and Schouten, J. L. and Pietrini, P.},
  journal={Science},
  volume={293},
  number={5539},
  pages={2425-2430},
  year={2001},
  publisher={American Association for the Advancement of Science}
}

@article{freeman10,
   author = {Freeman, J. B. and Schiller, D. and Rule, N.O. and Ambady, N.},
   title = {The Neural Origins of Superficial and Individuated Judgments About Ingroup and Outgroup Members},
   journal = {Hum Brain Mapp},
   volume = {31},
   pages = {150-159},
   year = {2010},
   type = {Journal Article}
}

@article{lamm11,
   author = {Lamm, C. and Decety, J. and Singer, T.},
   title = {Meta-analytic evidence for common and distinct neural networks associated with directly experienced pain and empathy for pain},
   journal = {Neuroimage},
   volume = {54},
   number = {3},
   pages = {2492-502},
   year = {2011},
   type = {Journal Article}
}

@article{dosenbach06,
   author = {Dosenbach, N. U. and Visscher, K. M. and Palmer, E. D. and Miezin, F. M. and Wenger, K. K. and Kang, H. C. and Burgund, E. D. and Grimes, A. L. and Schlaggar, B. L. and Petersen, S. E.},
   title = {A core system for the implementation of task sets},
   journal = {Neuron},
   volume = {50},
   number = {5},
   pages = {799-812},
   year = {2006},
   type = {Journal Article}
}

@article{o2007theoretical,
  title={Theoretical, statistical, and practical perspectives on pattern-based classification approaches to the analysis of functional neuroimaging data},
  author={O'Toole, A. J. and Jiang, F. and Abdi, H. and P\'enard, N. and Dunlop, J. P. and Parent, M. A.},
  journal={J Cognitive Neurosci},
  volume={19},
  number={11},
  pages={1735-1752},
  year={2007},
  publisher={MIT Press}
}

@article{formisano12,
   author = {Formisano, E. and Kriegeskorte, N.},
   title = {Seeing patterns through the hemodynamic veil--the future of pattern-information fMRI},
   journal = {Neuroimage},
   volume = {62},
   number = {2},
   pages = {1249-56},
   year = {2012},
   type = {Journal Article}
}

@article{johnstone2001distribution,
  title={On the distribution of the largest eigenvalue in principal components analysis},
  author={Johnstone, I. M.},
  journal={Ann Stat},
  pages={295-327},
  year={2001},
  publisher={JSTOR}
}

@article{viviani2005functional,
  title={Functional principal component analysis of fMRI data},
  author={Viviani, R. and Gr\"on, G. and Spitzer, M.},
  journal={Human Brain Mapp},
  volume={24},
  number={2},
  pages={109-129},
  year={2005},
  publisher={Wiley Online Library}
}

@article{tibshirani1996regression,
  title={Regression shrinkage and selection via the lasso},
  author={Tibshirani, R.},
  journal={J R Stat Soc: Series B},
  pages={267-288},
  year={1996},
  publisher={JSTOR}
}

@article{jolliffe1995rotation,
  title={Rotation of principal components: choice of normalization constraints},
  author={Jolliffe, I. T.},
  journal={J Appl Stat},
  volume={22},
  number={1},
  pages={29-35},
  year={1995},
  publisher={Taylor & Francis}
}

@article{zou2006sparse,
  title={Sparse principal component analysis},
  author={Zou, H. and Hastie, T. and Tibshirani, R.},
  journal={J Comp Graph Stat},
  volume={15},
  number={2},
  pages={265-286},
  year={2006},
  publisher={Taylor & Francis}
}

@article{bauer2015weather,
   author = {Bauer, P. and Thorpe, A. and Brunet, G.},
   title = {The quiet revolution of numerical weather prediction},
   journal = {Nature},
   volume = {525},
   number = {7567},
   pages = {47-55},
   year = {2015},
   type = {Journal Article}
}

@article{hyvarinen2000independent,
  title={Independent component analysis: algorithms and applications},
  author={Hyv\"arinen, A. and Oja, Erkki},
  journal={Neural networks},
  volume={13},
  number={4},
  pages={411-430},
  year={2000},
  publisher={Elsevier}
}

@article{spearman1904general,
  title={"General Intelligence," objectively determined and measured},
  author={Spearman, C.},
  journal={Am J Psychol},
  volume={15},
  number={2},
  pages={201-292},
  year={1904},
  publisher={JSTOR}
}

@book{bortz2013statistik,
  title={Statistik: F\"ur Sozialwissenschaftler},
  author={Bortz, J.},
  year={2013},
  publisher={Springer-Verlag}
}

@book{thompson2004exploratory,
  title={Exploratory and confirmatory factor analysis: Understanding concepts and applications.},
  author={Thompson, B.},
  year={2004},
  publisher={American Psychological Association}
}

@article{fabrigar1999evaluating,
  title={Evaluating the use of exploratory factor analysis in psychological research.},
  author={Fabrigar, L. R. and Wegener, D. T. and MacCallum, R. C. and Strahan, E. J.},
  journal={Psychol Methods},
  volume={4},
  number={3},
  pages={272},
  year={1999},
  publisher={American Psychological Association}
}

@article{beavers2013practical,
  title={Practical considerations for using exploratory factor analysis in educational research},
  author={Beavers, A. S. and Lounsbury, J. W. and Richards, J. K. and Huck, S. W. and Skolits, G. J. and Esquivel, S. L.},
  journal={Practical assessment, research \& evaluation},
  volume={18},
  number={6},
  pages={1-13},
  year={2013},
  publisher={Dr. Lawrence M. Rudner}
}

@book{golub2012matrix,
  title={Matrix computations},
  author={Golub, G. H. and Van Loan, C. F.},
  volume={3},
  year={2012},
  publisher={JHU Press}
}

@article{dehaene1998neuronal,
  title={A neuronal model of a global workspace in effortful cognitive tasks},
  author={Dehaene, S. and Kerszberg, M. and Changeux, J. P.},
  journal={Proc Natl Acad Sci U S A},
  volume={95},
  number={24},
  pages={14529-14534},
  year={1998},
  publisher={National Acad Sciences}
}

@article{spreng2009common,
  title={The common neural basis of autobiographical memory, prospection, navigation, theory of mind, and the default mode: a quantitative meta-analysis},
  author={Spreng, R. N. and Mar, R. A. and Kim, A. S. N.},
  journal={J Cognitive Neurosci},
  volume={21},
  number={3},
  pages={489-510},
  year={2009},
  publisher={MIT Press}
}

@article{ungerleider1994and,
  title={What and where in the human brain},
  author={Ungerleider, L. G and Haxby, J. V.},
  journal={Curr Opin Neurol},
  volume={4},
  number={2},
  pages={157-165},
  year={1994},
  publisher={Elsevier}
}

@article{godel1931formal,
  title={\"Uber formal unentscheidbare S\"atze der Principia Mathematica und verwandter Systeme I},
  author={G\"odel, K.},
  journal={Monatshefte f\"ur Mathematik und Physik},
  volume={38},
  number={1},
  pages={173-198},
  year={1931},
  publisher={Springer}
}

@article{chaitin2006limits,
  title={The limits of reason},
  author={Chaitin, G.},
  journal={Scientific American},
  volume={294},
  number={3},
  pages={74-81},
  year={2006},
  publisher={Nature Publishing Group}
}

@article{turing1936computable,
  title={On computable numbers, with an application to the Entscheidungsproblem},
  author={Turing, A. M.},
  journal={J Math},
  volume={58},
  number={345-363},
  pages={5},
  year={1936}
}

@article{unterthiner2015toxicity,
  title={Toxicity Prediction using Deep Learning},
  author={Unterthiner, T. and Mayr, A. and Klambauer, G. and Hochreiter, S.},
  journal={arXiv preprint arXiv:1503.01445},
  year={2015}
}

@article{dahl2014multi,
  title={Multi-task neural networks for QSAR predictions},
  author={Dahl, G. E. and Jaitly, N. and Salakhutdinov, R.},
  journal={arXiv preprint arXiv:1406.1231},
  year={2014}
}

@book{dehaene2011number,
  title={The number sense: How the mind creates mathematics},
  author={Dehaene, S.},
  year={2011},
  publisher={Oxford University Press}
}

@book{tukey77explore,
   author = {Tukey, J. W.},
   title = {Exploratory Data Analysis.},
   publisher = {Pearson},
   address = {New Jersey},
   year = {1977},
   type = {Book}
}

@book{abu,
   author = {Abu-Mostafa, Y. S. and Magdon-Ismail, M. and Lin, H. T.},
   title = {Learning from data},
   publisher = {AMLBook},
   address = {California},
   year = {2012},
   type = {Book}
}

@article{breiman2001,
   author = {Breiman, L.},
   title = {Statistical Modeling: The Two Cultures},
   journal = {Statistical Science},
   volume = {16},
   number = {3},
   pages = {199-231},
   year = {2001},
   type = {Journal Article}
}


@book{jordan2015massive,
  title={Frontiers in massive data analysis},
  author={Jordan, M. I.},
  year={2015},
  publisher={National Academies Report}
}

@article{connes2010view,
  title={A view of mathematics},
  author={Connes, A.},
  journal={available as a pdf file from http://www. alainconnes. org/en/downloads. php},
  year={2010}
}

@article{mesulam76tracer,
   author = {Mesulam, M.},
   title = {A horseradish peroxidase method for the identification of the efferents of acetyl cholinesterase-containing neurons},
   journal = {J Histochem Cytochem},
   volume = {24},
   number = {12},
   pages = {1281-5},
   year = {1976},
   type = {Journal Article}
}

@article{engel1997retinotopic,
  title={Retinotopic organization in human visual cortex and the spatial precision of functional MRI.},
  author={Engel, S. A. and Glover, G. H. and Wandell, B. A.},
  journal={Cereb Cortex},
  volume={7},
  number={2},
  pages={181-192},
  year={1997},
  publisher={Oxford Univ Press}
}

@book{smith2001functional,
  title={Functional MRI: an introduction to methods},
  author={Smith, S. M. and Matthews, P. M. and Jezzard, P.},
  year={2001},
  publisher={Oxford University Press}
}

@article{roy1890,
   author = {Roy, C. S. and Sherrington, C. S.},
   title = {On the regulation of the blood supply of the brain.},
   journal = {J Physiol},
   volume = {11},
   pages = {85-108},
   year = {1890},
   type = {Journal Article}
}

@article{ogawa90,
   author = {Ogawa, S. and Lee, T. M. and Kay, A. R. and Tank, D. W.},
   title = {Brain magnetic resonance imaging with contrast dependent on blood oxygenation},
   journal = {Proc Natl Acad Sci U S A},
   volume = {87},
   number = {24},
   pages = {9868-72},
   year = {1990},
   type = {Journal Article}
}

@article{fox86,
   author = {Fox, P. T. and Raichle, M. E.},
   title = {Focal physiological uncoupling of cerebral blood flow and oxidative metabolism during so­ matosensory stimulation in human subjects.},
   journal = {Proc Natl Acad Sci U S A},
   volume = {83},
   pages = {1140-1144},
   year = {1986},
   type = {Journal Article}
}

@article{logo01,
   author = {Logothetis, N. K. and Pauls, J. and Augath, M. and Trinath, T. and Oeltermann, A.},
   title = {Neurophysiological investigation of the basis of the fMRI signal},
   journal = {Nature},
   volume = {412},
   number = {6843},
   pages = {150-7},
   year = {2001},
   type = {Journal Article}
}

@article{logo04,
   author = {Logothetis, N. K. and Wandell, B. A.},
   title = {Interpreting the BOLD signal},
   journal = {Annu Rev Physiol},
   volume = {66},
   pages = {735-69},
   year = {2004},
   type = {Journal Article}
}

@book{tal,
   author = {Talairach, J. and Tournoux, P.},
   title = {Co-planar stereotaxic atlas of the human brain},
   publisher = {Thieme},
   address = {New York},
   year = {1988},
   type = {Book}
}

@article{young93monkey,
   author = {Young, M. P.},
   title = {The organization of neural systems in the primate cerebral cortex},
   journal = {Proc Biol Sci},
   volume = {252},
   number = {1333},
   pages = {13-8},
   year = {1993},
   type = {Journal Article}
}

@article{scannell95cat,
   author = {Scannell, J. W. and Blakemore, C. and Young, M. P.},
   title = {Analysis of connectivity in the cat cerebral cortex},
   journal = {J Neurosci},
   volume = {15},
   number = {2},
   pages = {1463-83},
   year = {1995},
   type = {Journal Article}
}

@article{mni,
   author = {Evans, A. C. and Collins, D. L. and Milner, B.},
   title = {An MRI-based stereotactic atlas from 250 young normal subjects},
   journal = {Soc Neurosci Abstr},
   volume = {18},
   number = {408},
   year = {1992},
   type = {Journal Article}
}

@article{brett02,
   author = {Brett, M. and Johnsrude, I. S. and Owen, A. M.},
   title = {The problem of functional localization in the human brain},
   journal = {Nat Rev Neurosci},
   volume = {3},
   number = {3},
   pages = {243-9},
   year = {2002},
   type = {Journal Article}
}

@article{friston1999stochastic,
  title={Stochastic designs in event-related fMRI},
  author={Friston, K. J. and Zarahn, E. and Josephs, O. and Henson, R. N. A. and Dale, A. M.},
  journal={Neuroimage},
  volume={10},
  number={5},
  pages={607-619},
  year={1999},
  publisher={Elsevier}
}
